3720 6014
88 216 158 277 1203
561 226 565 235 '
596 213 736 269 uituttttt
756 213 910 270 TOll'ldel
931 212 1077 270 ttoutcut
1098 213 1248 279 ttottttc.
1697 207 1764 263 taut

89 358 138 398 sua
157 341 249 396 domo.
272 339 333 393 lirat
363 343 453 392 nutem
484 337 543 408 ipsa
569 337 668 393 domus
692 339 783 410 lignea
802 340 895 406 turris,
909 345 934 412 Α
948 339 1094 396 eeclesiam
1111 340 1245 396 ineodetu
1261 340 1323 397 loco
1336 346 1521 396 constructam
1537 337 1713 412 coniugium
1730 336 1766 393 le-

90 430 194 503 quippe
217 428 372 498 virpotens
395 435 461 489 erat.
491 443 524 480 ex
553 427 738 483 nobilioribus
757 428 896 502 indigenis
946 431 1025 485 cerit.
1055 429 1171 505 anitivi
1200 428 1332 502 denique,
1363 428 1523 495 homicidae,
1544 435 1575 483 et
1603 426 1768 498 quicunque

90 517 215 588 ejusdem
234 517 315 572 castri
343 517 422 585 cujtts
449 515 536 572 luerat
561 524 588 573 et
619 516 772 574 Moericus.
804 517 897 573 Turris
946 518 1038 591 aliqua
1053 519 1207 574 aliareatus
1226 519 1269 574 sni
1287 518 1424 574 anxietate
1446 524 1565 593 cogente
1582 517 1617 571 ad
1634 517 1766 571 eumdem

89 625 154 681 ergo
170 608 255 663 illaiu
267 608 458 678 superioribus
470 609 528 663 suia
548 609 681 664 solarium
697 610 750 677 (tt)
767 610 895 677 habebat,
947 604 1126 680 confugerint
1141 607 1242 672 locum,
1253 606 1530 673 immnnesexistunt,
1548 604 1684 678 quandin
1702 602 1769 658 inira

90 698 137 752 ubl
153 697 226 752 idem
243 696 454 770 S⁰ss⁰i¹¹¹¹⁵d³¹¹m
479 713 528 752 ⁵¹¹³
544 697 673 751 mlsstbll
686 697 799 764 inmitia,
816 698 902 754 collo·
950 700 1102 758 coemeterii
1115 699 1248 755 terminos
1263 698 1537 755 sedocoutinuerint.
1555 699 1649 753 Nemo
1666 697 1769 768 aliquid

90 789 238 862 quebatur,
275 789 483 855 corrvivabatur‚
510 797 537 843 et
573 788 700 844 noctibus
728 789 898 860 quiescebat.

90 878 176 934 Porro
203 877 232 931 in
252 876 312 946 ejus
328 876 508 932 interioribus
528 877 682 933 habebatur
700 879 841 934 cellarium
858 879 900 934 di·

90 969 164 1025 versi
177 969 289 1041 generis
310 969 433 1024 retinens
447 969 607 1040 apothecas,
637 970 671 1024 ad
693 970 852 1042 recipienda
871 979 897 1026 et

92 1064 283 1120 conservanda
298 1064 410 1119 hnmani
432 1064 521 1119 vietus
538 1065 695 1120 necessaria
710 1064 833 1120 idoneas.
849 1066 898 1121 So·

93 1152 152 1207 larii
168 1168 232 1208 vero
256 1153 456 1223 pavimentum,
484 1163 514 1208 ut
537 1154 622 1209 moris
648 1163 700 1221 est,
724 1162 898 1226 compactum

93 1252 152 1297 erat
167 1240 327 1296 dolatilibus
349 1241 508 1309 trabeculis,
524 1258 585 1312 quae
605 1258 700 1313 parum
717 1242 828 1314 quidem
856 1246 900 1298 lta·

93 1331 196 1387 bebant
221 1331 420 1402 spissitudinis,
459 1333 509 1388 sed
538 1333 708 1404 aliquantum
735 1335 899 1403 latitudinis,

94 1420 243 1491 plurimum
258 1427 348 1474 autem
370 1421 562 1494 longitudinis.
589 1422 712 1493 [leuique
728 1423 756 1477 in
778 1424 831 1479 boc
852 1439 898 1479 so-

94 1513 162 1566 lario
175 1512 221 1583 qni
239 1511 315 1566 missi
332 1510 450 1578 fuerant,
466 1513 724 1583 praedictumvirum
740 1515 896 1585 reperiunt;

94 1604 141 1676 qni
154 1620 217 1658 enm
234 1604 443 1672 convenientes,
459 1621 520 1675 quae
537 1605 659 1677 injuncta
674 1606 782 1661 lucrant
795 1608 898 1662 mitiori

950 793 1045 860 lurari,
1069 808 1117 847 seu
1134 793 1253 864 aliquam
1276 791 1399 847 fraudem
1422 793 1455 847 de
1474 791 1603 863 qualibet
1627 806 1660 844 rc
1691 788 1770 843 alicui

951 881 1040 937 tacere
1056 880 1084 935 in
1100 878 1196 935 eodem
1210 880 1294 935 audet
1309 881 1388 937 atrio.
1410 879 1530 956 Contigit
1550 895 1622 953 ergo
1638 879 1690 933 die
1706 895 1771 949 qua-

949 969 1023 1034 dam,
1045 975 1190 1025 venatores
1204 967 1331 1024 adelardi
1352 970 1494 1041 eujusdam
1511 968 1620 1025 nobilis
1646 968 1714 1034 viri,
1731 969 1773 1021 ad-

948 1061 1038 1118 vocati
1052 1059 1183 1115 videlicet
1198 1060 1271 1115 illius
1286 1060 1393 1132 praedii,
1409 1069 1510 1117 venatu
1531 1061 1707 1126 redeuntes,
1720 1059 1771 1113 ies·

949 1166 996 1208 sos
1016 1150 1118 1205 ibidem
1141 1164 1202 1204 enm
1233 1148 1290 1204 suis
1317 1149 1453 1205 resedisse
1472 1149 1608 1205 canibus.
1647 1148 1772 1220 Cumque

951 1257 1007 1296 non
1022 1239 1158 1294 baberent
1173 1238 1247 1294 uude
1263 1240 1320 1293 suis
1330 1245 1437 1311 pastum
1452 1239 1574 1296 canibus
1590 1239 1773 1306 exhiberent,

951 1332 1152 1404 querimoniam
1173 1347 1251 1386 suam
1280 1331 1314 1386 ad
1334 1333 1408 1387 lsaac
1432 1332 1583 1405 quemdam
1601 1330 1772 1402 prudentem

951 1425 1073 1481 rel'ernnt
1089 1425 1187 1491 virum,
1205 1439 1287 1495 quem
1302 1424 1400 1479 iratres
1420 1424 1613 1481 Floriacenses
1631 1423 1690 1493 ipsi
1708 1439 1774 1494 prae·

949 1519 1072 1575 fecerant
1102 1518 1283 1590 possessioni.
1310 1518 1360 1584 Qut
1389 1519 1453 1573 dum
1484 1534 1513 1573 se
1541 1518 1683 1593 ignorare
1712 1515 1775 1588 quid

949 1625 1030 1684 agere
1047 1608 1182 1675 valerent,
1200 1609 1399 1679 respondisset,
1425 1608 1556 1679 inquiunt
1586 1607 1642 1674 illi,
1672 1607 1709 1661 de
1725 1622 1775 1659 an-

94 1707 223 1748 sermone
243 1692 270 1746 ei
289 1699 433 1762 coeperunt
459 1708 613 1749 recensere.
641 1696 673 1749 dt
700 1694 746 1749 ille
776 1696 817 1750 bis
838 1675 1023 1767 quaessuona
1041 1697 1129 1752 Patris
1150 1697 1304 1760 Benedicti,
1325 1696 1430 1768 quaein
1448 1696 1550 1751 eodem
1575 1694 1777 1749 reservabatur

95 1783 900 1855 mandabantur,minimeintcndit,sedefferatusanimo,
952 1786 1024 1854 loco,
1047 1801 1133 1841 unum
1159 1785 1306 1839 sextarium
1336 1801 1365 1839 se
1397 1792 1633 1855 praesumpturos
1661 1789 1693 1838 ut
1715 1782 1777 1836 inde

96 1891 144 1932 ore
162 1874 306 1945 respondit
319 1874 480 1943 furibundo,
507 1877 639 1950 inquiens
652 1893 715 1932 eum
732 1877 903 1933 terribilibus
954 1874 1033 1930 cibus
1058 1880 1260 1945 praepararetur
1283 1873 1412 1929 curtibus.
1433 1874 1465 1929 dt
1486 1873 1534 1927 ille
1555 1873 1646 1928 inlert
1671 1888 1779 1943 nequa-

93 1963 257 2037 juramentis
276 1963 388 2019 vellese
415 1964 544 2033 injecisse
559 1966 727 2022 monasterio
739 1965 831 2021 Sancti
847 1966 901 2019 lle·
955 1986 1036 2041 quam
1068 1968 1290 2040 impuneideos
1310 1984 1392 2039 posse
1412 1966 1567 2040 perficere;
1598 1983 1685 2022 suum
1711 1983 1776 2021 vero

97 2052 200 2108 nedicli
220 2059 355 2108 tantarum
385 2053 482 2108 titium
512 2054 617 2130 iguem,
647 2055 694 2126 qui
721 2063 810 2110 turres
844 2055 905 2124 ejvs
955 2062 1114 2117 nullatenus
1132 2060 1775 2131 superltactemeritatebabereconsensnm.

97 2140 272 2198 combureret
286 2151 313 2197 et
335 2158 460 2214 quasque
473 2143 498 2198 ei
522 2144 666 2219 contiguas
681 2144 756 2199 aedes
772 2144 905 2214 depasce·
956 2150 1053 2207 timere
1073 2166 1107 2204 ne
1128 2165 1209 2220 poena
1237 2148 1301 2204 huic
1321 2150 1533 2221 presumptioni
1556 2165 1624 2204 mox
1647 2150 1776 2205 adiutura

99 2238 184 2288 retur.
201 2231 262 2287 llaec
288 2232 452 2304 loquebatur
470 2239 545 2288 stans
572 2233 600 2287 in
620 2249 728 2289 summo
749 2234 831 2288 unius
847 2240 904 2288 tra·
955 2240 983 2293 in
998 2254 1037 2306 se,
1053 2239 1076 2292 si
1091 2237 1241 2304 accideret,
1257 2237 1437 2292 relaberetur.
1450 2237 1502 2304 llli,
1519 2254 1586 2309 quse
1602 2238 1775 2293 dicebantur

48 2350 54 2357 ·
98 2323 213 2390 beculae,
246 2323 358 2395 quibus,
380 2332 409 2380 ut
439 2325 568 2393 diximus,
594 2325 687 2381 solarii
717 2326 904 2398 pavimentum
954 2341 1004 2398 pro
1018 2325 1260 2389 nilrilodneentcs,
1276 2333 1305 2379 ut
1319 2325 1411 2380 animo
1426 2334 1637 2397 conceperant,
1654 2342 1771 2381 unnuttae

99 2420 235 2475 consistit.
263 2419 329 2484 Quae
348 2420 393 2475 vix
412 2429 548 2476 venenato
577 2427 737 2475 evomuerat
756 2434 814 2483 ore,
841 2435 903 2473 cum
955 2417 1156 2490 qnantumsibi
1184 2416 1329 2471 videbatur
1348 2415 1486 2483 autemut,
1505 2418 1604 2472 attritu
1637 2417 1771 2472 molarum

100 2511 258 2577 trabeculae,
272 2512 315 2565 cui
329 2509 706 2580 pedibusiusistebat‚eaput
721 2509 786 2573 ruit,
799 2508 906 2563 sublata
958 2511 985 2565 in
1018 2510 1135 2565 farinam
1164 2510 1303 2584 redigunt,
1333 2510 1390 2564 suis
1410 2509 1511 2564 exinde
1543 2517 1660 2580 pastum
1678 2509 1774 2564 belluis

100 2604 129 2659 in
145 2604 230 2658 altum
243 2604 328 2658 altera
343 2602 403 2670 ejus
416 2601 606 2657 extremitate:
624 2601 671 2656 ille
686 2616 752 2656 vero
776 2601 906 2655 deorsum
957 2599 1117 2658 conficiunt.
1146 2601 1218 2666 Quos
1246 2601 1346 2656 talibus
1367 2608 1475 2656 saturos
1501 2600 1663 2668 alimentis,
1693 2601 1777 2656 immi·

100 2701 345 2771 capitecorruens,
370 2697 415 2753 tali
435 2697 529 2768 lapsus
548 2702 589 2752 est
617 2712 683 2751 casu
699 2703 729 2752 ut
749 2705 833 2768 capnt
848 2696 908 2765 ejus
958 2699 1043 2746 nertte
1070 2697 1162 2756 tincto,
1188 2707 1242 2744 utta
1269 2690 1415 2746 includunt
1440 2689 1627 2746 domuncula.
1651 2690 1774 2746 Diluculo

99 2795 172 2849 inter
187 2793 255 2847 duas
270 2807 347 2846 arcas
368 2805 429 2862 quae
444 2789 472 2843 in
487 2789 599 2845 cellario
623 2789 706 2861 [quod
731 2788 847 2844 subesse
862 2805 908 2845 so·
957 2791 1049 2837 aulem
1075 2782 1110 2837 do
1133 2782 1192 2837 suis
1210 2781 1352 2837 cubilibus
1371 2789 1534 2855 exsurgunt,
1561 2781 1680 2837 solitam
1699 2798 1777 2837 vena-

100 2890 168 2944 lario
184 2886 313 2956 diximus)
336 2893 424 2951 erant,
447 2884 609 2958 infigeretur
624 2885 710 2939 instar
735 2885 815 2938 cunei
831 2885 907 2959 ligno
958 2873 1027 2928 ῑῑθΰὶ
1043 2890 1155 2945 Operam
1171 2873 1236 2928 (late
1251 2873 1407 2946 cupientes,
1435 2873 1637 2945 adeuntesque
1659 2875 1775 2929 cubitu·

102 2981 225 3052 jmpactj,
239 2979 347 3050 reliquo
367 2993 483 3046 corpore
502 2993 587 3048 super
604 2993 684 3030 unam
714 2992 809 3031 earum
829 2993 907 3031 arca·
958 2969 1024 3034 lum,
1041 2967 1068 3020 lll
1084 2981 1138 3038 quo
1157 2981 1221 3021 SUOS
1237 2965 1406 3021 recluserant
1420 2981 1516 3030 cuneS,
1531 2966 1655 3036 januam
1672 2967 1714 3021 ets
1729 2984 1774 3036 pa·

102 3089 161 3127 rum
180 3072 292 3138 rejecto.
314 3069 394 3123 Facto
423 3068 553 3134 clamore,
571 3067 665 3121 tumuli
686 3067 786 3122 domus
806 3068 833 3122 in
849 3068 906 3123 cel·
958 3061 1107 3126 telaeiuut;
1125 3066 1151 3117 et
1170 3061 1405 3131 introspicientes,
1432 3061 1529 3115 vident
1546 3076 1598 3116 eos
1615 3061 1675 3117 vita
1700 3061 1775 3116 dele·

100 3159 199 3215 larium
215 3164 313 3221 ruunt;
329 3156 470 3227 reperiunt
484 3162 575 3210 autem
590 3156 731 3211 dominum
743 3172 821 3211 suum
839 3173 907 3213 eon·
958 3158 1041 3225 cisse,
1055 3156 1123 3212 alios
1137 3156 1295 3227 pavimento
1310 3162 1367 3212 toto
1379 3162 1532 3226 prostratos
1543 3171 1680 3227 corpore,
1698 3173 1779 3230 quos-

102 3251 194 3308 lractis
213 3249 503 3306 corvicibusanimam
524 3248 675 3304 exbalasse.
705 3249 789 3313 Quem
811 3265 908 3320 repor-
960 3254 1022 3309 dam
1043 3253 1203 3323 resupinato
1231 3267 1279 3307 ore
1303 3259 1425 3306 mortuos
1442 3251 1550 3319 jacere,
1580 3250 1658 3307 alios
1679 3253 1775 3322 parieti

101 3352 191 3402 tantos
218 3344 253 3398 ad
268 3342 422 3414 superiora,
439 3357 488 3412 pro
504 3341 564 3413 ejus
584 3350 672 3397 morte
695 3342 785 3396 subita
797 3342 909 3397 amaris·
960 3346 1060 3400 domus
1079 3344 1264 3400 anterioribus
1283 3343 1406 3418 vestigiis
1424 3343 1575 3407 inhaerere,
1600 3345 1779 3400 reductisra·

102 3436 186 3490 simas
213 3432 367 3488 fundebant
391 3431 535 3502 lacrymas.
564 3431 620 3487 lloc
643 3431 716 3486 exitu
739 3432 907 3486 obstructum
960 3435 1065 3505 pitibus
1085 3435 1112 3488 iu
1128 3443 1205 3508 terga
1234 3432 1310 3497 Quod
1337 3438 1492 3499 cernentes,
1514 3434 1643 3490 clamore
1672 3435 1779 3489 sublato

103 3533 145 3581 est
167 3540 198 3579 os
216 3522 356 3594 loquentis
380 3522 476 3594 iniqua
503 3522 587 3587 (Psul.
612 3539 675 3586 extr,
695 3522 748 3588 tu,
778 3529 909 3576 renovata
960 3522 1074 3578 soemora
1099 3539 1149 3577 sua
1173 3521 1270 3593 palmis
1296 3520 1342 3575 alii
1371 3521 1510 3592 quatiunt,
1540 3522 1588 3576 alii
1625 3523 1780 3595 eompletis

103 3615 185 3670 estin
200 3615 252 3669 ltoe
272 3613 377 3684 perlido
392 3613 504 3683 antiqua
520 3612 644 3681 eiusdem
665 3612 752 3667 Patris
777 3613 908 3683 potentia,
961 3611 1089 3667 manibus
1104 3611 1226 3666 sonitum
1244 3609 1377 3684 grandem
1394 3626 1456 3665 cum
1472 3625 1542 3666 voce
1563 3612 1687 3683 querula
1701 3613 1780 3666 emit-

104 3710 169 3764 dum
183 3715 328 3764 corruente
348 3706 487 3763 Florentio
508 3712 565 3761 tota
580 3707 678 3761 (lomus
694 3705 797 3762 lubrica
810 3708 910 3763 mansit
961 3706 1032 3765 tulit
1047 3701 1182 3756 timebant
1194 3700 1267 3755 essim
1284 3715 1381 3771 poenas
1396 3714 1411 3753 ἃ
1424 3698 1539 3754 d0¹¹¹it¹0
1554 3715 1607 3755 81¹0
1623 3717 1676 3772 tato
1691 3701 1778 3756 emis·

104 3806 200 3869 illaesa,
214 3808 314 3873 praeter
329 3801 473 3863 solarium,
496 3799 540 3854 cui
561 3799 634 3854 idem
661 3798 816 3854 florentius
843 3799 909 3854 insi·
960 3795 1038 3849 sione
1054 3810 1152 3849 cauum
1166 3794 1239 3866 iuste
1254 3793 1305 3848 sibi
1320 3792 1490 3866 irrogandas.
1510 3792 1561 3848 [liu
1575 3793 1778 3866 ergostupidae

103 3899 303 3969 stebatttirtee.
321 3896 499 3967 libsn'gllt'cl.
526 3911 550 3950 e.
571 3896 607 3964 8).
636 3894 680 3950 Sic
694 3905 721 3950 et
745 3895 796 3950 isto
812 3902 909 3951 ruente
960 3886 1134 3942 admirationi
1163 3885 1278 3941 vocibus
1301 3884 1457 3957 questuosis
1485 3884 1643 3951 immorati,
1665 3886 1776 3941 tandem

103 3998 161 4046 tota
182 3989 265 4043 turris
295 3988 398 4042 fabrica
418 3986 570 4057 permansit
591 3986 708 4059 integra,
733 3987 792 4042 sola
819 3988 909 4043 trabe·
960 3979 1103 4043 recedunt,
1120 3978 1233 4034 domino
1255 3992 1305 4032 suo
1321 3975 1502 4032 intortunium
1521 3976 1599 4048 qnod
1612 3978 1669 4032 sibi
1702 3978 1778 4033 acei—

57 4125 60 4128 ,
104 4085 175 4146 cula,
191 4083 233 4139 cui
247 4081 429 4152 superstabat,
447 4081 552 4134 ruinam
569 4096 657 4151 passa.
960 4073 1049 4137 derat,
1065 4077 1093 4124 et
1113 4085 1194 4140 quam
1210 4082 1323 4123 severus
1342 4065 1416 4121 ultor
1444 4064 1526 4120 Pater
1545 4066 1722 4123 Benedictus
1752 4068 1777 4121 in

140 4173 201 4228 Car.
223 4172 300 4226 llVll.
321 4199 343 4210 -
380 4171 408 4226 S.
421 4169 559 4225 denedccti
580 4173 721 4224 cemeterii
738 4173 907 4227 immunitos.
960 4179 1009 4220 008
1023 4163 1165 4218 exstiterat
1180 4159 1303 4216 relaturi·

103 4264 327 4331 dattonaeraptoe
347 4275 436 4331 puna.
462 4258 506 4313 Est
535 4258 673 4329 quoddam
696 4258 859 4328 praediolum
880 4259 908 4313 in
995 4255 1153 4311 ctettVttt
1181 4253 1322 4308 -St'mitc
1345 4252 1482 4321 depecta.
1500 4250 1561 4306 Alio
1578 4259 1778 4324 quoqnetem·

103 4357 248 4416 Leomansi
269 4373 351 4430 pago,
380 4354 453 4427 quod
478 4361 590 4409 vocatur
614 4354 725 4410 alsonia
744 4355 810 4425 (15),
841 4351 1041 4419 eatretinere,
1062 4344 1126 4399 dum
1142 4342 1243 4399 milites
1270 4348 1384 4413 propter
1402 4339 1532 4395 eumdem
1556 4342 1683 4398 viculum
1713 4344 1779 4398 hora

103 4450 280 4506 Benedictoa
304 4449 446 4504 leotberto
462 4447 520 4501 viro
541 4447 627 4517 probo
646 4446 711 4502 olim
733 4445 909 4511 attributnm;

103 4543 151 4598 ulti
176 4547 279 4597 tantam
308 4540 500 4595 miraculorum
529 4538 710 4611 frequentiam
731 4539 803 4593 idem
834 4538 912 4593 l‘ater

104 4634 284 4709 pergratiam
299 4631 352 4687 sibi
367 4647 383 4685 a
398 4631 454 4687 lleo
479 4630 604 4705 largitam
621 4629 750 4695 ostendit,
768 4638 799 4684 ut
814 4644 912 4684 omnes

104 4726 192 4798 ipsius
203 4722 324 4778 nationis
337 4721 465 4775 ltomiues
484 4720 612 4774 eumdem
626 4719 716 4774 locum
733 4719 851 4773 maxima
862 4719 913 4772 de-

104 4814 223 4871 sotionis
237 4809 415 4866 veneratione
440 4809 574 4864 excolant.
597 4808 722 4879 lienique
748 4805 837 4862 crucis
864 4807 913 4861 ali·

103 4911 236 4977 quantum
260 4901 384 4956 excelsas
400 4915 448 4970 per
464 4913 560 4970 gyrum
577 4896 727 4953 coemeterii
748 4903 910 4966 posuerunt,

104 5012 173 5070 quas
199 5009 280 5051 nemo
303 5008 383 5046 suum
405 5005 574 5062 persequens
605 4988 758 5054 inimicum,
784 4988 912 5059 quamvis

104 5090 207 5147 exitiali
223 5089 283 5159 ojus
299 5086 364 5142 odio
374 5086 514 5153 detentus,
534 5081 686 5158 transgredi
706 5082 816 5148 audeat,
837 5081 862 5136 si
876 5081 910 5135 ad

141 5301 194 5372 tlt)
215 5300 347 5373 Superius
366 5297 496 5353 conclave
512 5294 661 5369 signiticari
681 5292 794 5349 nomino
813 5289 908 5346 solarii

104 5373 241 5428 sexcentis
269 5370 404 5441 exemplis
429 5373 543 5423 constat.
575 5366 721 5442 Egregium
748 5365 865 5419 babetur
881 5363 908 5416 in

105 5443 255 5514 diplomate
276 5439 472 5497 Guntcltramni
490 5441 562 5514 regis
582 5454 631 5509 pro
643 5437 803 5492 conditione
824 5434 906 5489 Cabi-

101 5514 227 5569 lonensis
246 5513 404 5570 monasterii
416 5511 507 5566 Sancti
528 5510 657 5576 Marcelli,
674 5508 722 5563 nbi
743 5506 910 5577 precipitur,

92 5591 124 5637 ut
147 5588 367 5643 solarebm‘cum
388 5585 529 5642 comiaclo
547 5583 591 5641 itti
605 5581 638 5640 dc
664 5581 807 5651 Gerpcincn
835 5582 859 5634 at
879 5577 912 5632 dv

77 5655 197 5711 Alcaitto
205 5658 333 5725 factam.

959 4435 1085 4505 jentandi
1107 4434 1159 4488 iter
1179 4440 1337 4503 carperent,
1358 4431 1529 4486 diverterunt
1555 4430 1640 4498 illue;
1654 4433 1778 4506 dumque

961 4525 1006 4580 alii
1024 4524 1101 4581 eibos
1120 4531 1148 4578 et
1163 4538 1281 4594 quaeque
1297 4520 1493 4577 commessuris
1510 4528 1651 4590 apparent
1664 4522 1778 4587 idonea,

962 4635 1034 4673 unns
1047 4634 1141 4673 eorum
1159 4632 1208 4671 sno
1229 4615 1318 4686 inquit
1343 4614 1500 4688 armigero:
1538 4602 1608 4679 Cur,
1639 4615 1779 4669 liomtnum

961 4711 1135 4773 deuotissime,
1154 4711 1230 4760 tuate
1245 4709 1269 4758 te
1283 4706 1419 4775 oppressit
1430 4705 1544 4770 ipatooin
1563 4706 1597 4757 ut
1611 4704 1716 4773 utiquo
1729 4720 1779 4758 aon

961 4800 1148 4855 subministres
1163 4797 1216 4850 tuis
1231 4794 1428 4865 aquispalatio,
1444 4792 1571 4862 quandiu
1586 4799 1780 4863 procurantur

962 4894 1114 4964 epulaturis
1129 4887 1299 4944 accessorio?
1313 4888 1345 4941 dt
1362 4885 1409 4940 ille
1424 4900 1455 4939 se
1471 4883 1581 4938 nescire
1608 4884 1682 4938 dicit
1697 4902 1715 4938 a
1729 4900 1781 4956 quo

961 4983 1112 5056 quidquam
1123 4979 1178 5035 leni
1192 4979 1235 5033 vel
1249 4977 1388 5048 palearum
1404 4973 1557 5044 deposcere
1573 4973 1679 5043 possit.
1696 4975 1780 5039 Vade,

961 5077 1061 5149 inquit,
1080 5077 1239 5144 inpactum
1260 5071 1290 5127 S.
1311 5069 1457 5134 Benedicti,
1482 5064 1555 5136 quod
1580 5065 1647 5120 bute
1673 5067 1783 5137 adjacet

995 5283 1317 5356 (testanteesaia,
1335 5279 1411 5334 tricus
1430 5284 1473 5331 est
1482 5274 1620 5331 diaecesis
1631 5275 1784 5331 Senoniea

959 5360 987 5414 iu
1001 5358 1135 5414 decanatu
1151 5356 1178 5408 S.
1195 5351 1357 5416 Florentini,
1372 5349 1451 5416 cnjus
1464 5347 1518 5402 vici
1528 5346 1655 5402 ecclesia
1672 5348 1783 5417 pendet

961 5428 1159 5486 amonasterio
1179 5423 1357 5482 Floriaconsi.
1379 5420 1442 5475 lstie
1468 5418 1590 5488 proinde
1610 5420 1786 5474 statuendus

962 5508 1003 5557 est
1016 5499 1274 5575 paguchomuast's,
1285 5496 1309 5551 si
1325 5494 1369 5549 liic
1384 5507 1438 5547 nou
1453 5489 1554 5546 erravit
1566 5492 1785 5565 typographus,

963 5573 1064 5628 rectius
1082 5571 1239 5626 laoniensis.
