3720 6014
64 234 67 247 ’
151 273 202 325 ,ιιι
644 259 826 319 nnanncesr
846 258 983 313 aeea'ns
1003 259 1030 313 s.
1051 258 1173 313 uantur
1192 258 1323 313 rervm.
1770 263 1818 317 aar

150 408 260 476 pissirue
274 401 583 464 t·cverbcrantut·oculi;
600 392 953 469 occultonagisadmiran-
968 398 990 461 Α
1005 388 1120 443 utrinam
1150 397 1335 461 sequerentur
1361 389 1481 456 illorunt,
1503 391 1660 463 dequibus
1682 393 1816 462 scriptun

149 485 935 564 dumestiumeniliudarrgclorurn,quodcepinenpe
1004 488 1248 538 cst:1nomttcm
1276 491 1377 540 tetram
1408 488 1491 540 abivit
1514 501 1597 541 sonus
1620 488 1815 556 eorumlPscl.
1858 503 1860 556 ι

148 593 201 642 test
220 583 315 638 auditu
329 582 447 644 aurium,
468 597 520 635 nec
532 581 591 635 visu
611 578 763 634 oculorum.
1003 572 1088 642 xt'nr).
1108 571 1200 626 Nostis
1226 572 1339 643 quippe,
1356 574 1432 645 quia,
1458 574 1529 629 sicut
1557 574 1706 646 Scriptura
1734 583 1815 631 testa·
1858 572 1860 644 ξ

184 681 214 735 Et
233 695 296 733 cccc
309 676 438 748 quoniam
456 676 499 729 bic
513 675 593 730 nobis
607 673 716 729 occasio
731 688 761 726 se
785 671 885 745 ingerit
900 685 952 740 ep·
1004 672 1048 721 tur
1063 665 1156 720 divina
1174 669 1241 728 (Act.
1262 666 1309 736 tv),
1326 681 1375 736 per
1392 666 1477 722 solem
1501 674 1529 721 et
1550 667 1646 722 lunam
1663 669 1816 738 apostolica

149 776 275 839 pertuna,
292 774 322 820 ut
345 765 416 818 inter
430 763 483 817 alia
498 763 589 817 sidera
614 762 739 832 quaedam
755 760 789 814 de
804 759 863 814 sole
877 759 953 812 dica·
1003 756 1084 811 nobis
1098 757 1361 826 premonstrabatur
1374 757 1508 823 doctriua,
1528 758 1552 813 si
1577 766 1672 814 tamen
1688 762 1816 830 exemplo

149 878 209 913 mus
228 866 254 913 et
269 859 347 912 luna:
370 858 484 931 dignum
510 863 561 920 cst,
578 865 607 909 ut
619 855 674 922 jam
692 869 752 908 curn
774 853 951 923 processione
1003 848 1110 904 illorum
1128 848 1207 903 nohis
1220 849 1255 903 sit
1273 865 1319 904 cor
1332 866 1421 905 unc-m
1440 859 1466 906 ct
1483 855 1579 906 enimc
1593 868 1666 917 aaa,
1697 869 1813 924 querum

149 948 953 1022 lectionisadsusceptienemcorumdcmluminariumio·
1002 939 1232 1016 dossiflssastllgei
1252 943 1280 996 iu
1310 943 1431 999 Ecclesia
1457 953 1486 1000 ui
1518 945 1607 1000 501οῑ
1634 945 1814 1003 1⁰⁰³·Ussdt

150 1062 192 1098 ras
203 1059 382 1113 properemus
394 1041 497 1103 anlreii,
519 1041 553 1094 de
569 1040 671 1111 quibus
687 1038 833 1092 Dominus:
860 1039 950 1104 tunt,
1002 1054 1117 1096 neccsse
1143 1049 1185 1097 est
1197 1048 1227 1097 ut
1240 1049 1268 1097 ct
1286 1050 1325 1110 tu,
1350 1044 1512 1111 Christiane,
1534 1046 1591 1114 iarn
1606 1047 1683 1116 apud
1711 1055 1738 1102 te
1755 1048 1814 1102 dili·

150 1140 249 1209 inquit,
270 1141 421 1192 terminarat
436 1140 466 1190 in
478 1138 651 1201 dinumerate
664 1137 732 1190 coett'.
744 1137 827 1198 llicit,
842 1141 867 1189 et
878 1137 953 1201 suctu
1001 1133 1111 1208 gentius
1126 1150 1226 1204 penses
1244 1136 1362 1205 qualiter
1375 1137 1432 1192 baec
1447 1139 1501 1193 duo
1516 1139 1667 1193 luminaria
1690 1155 1744 1209 per
1757 1140 1813 1195 dies

148 1242 213 1289 suat
226 1234 301 1302 (Gaea.
320 1235 348 1298 r).
372 1231 435 1286 Post
451 1231 568 1301 primurn
583 1245 702 1300 namquo
717 1229 792 1284 vocis
804 1229 952 1285 Ilorninirae
1002 1239 1034 1278 ac
1049 1230 1154 1289 noctes,
1169 1239 1219 1294 per
1231 1240 1318 1280 a¹¹¹¹0⁵
1333 1225 1538 1299 disiissgffllsslus
1556 1234 1584 1281 01
1598 1243 1727 1293 menses,
1742 1245 1810 1300 quo·

150 1326 320 1390 maridatum,
340 1323 557 1392 unumquodque
574 1322 601 1375 in
624 1321 789 1376 socordiae
809 1321 954 1377 videbatur
1003 1314 1077 1367 niam
1103 1313 1226 1368 Christus
1251 1321 1278 1369 ct
1302 1316 1422 1370 Ecclesia
1439 1318 1472 1370 ad
1493 1318 1668 1373 irradiandos
1689 1319 1810 1374 iideliun

149 1430 209 1468 csse
221 1415 350 1477 locatum,
364 1410 951 1480 itautsicutolimantiquadivinitaspraeor·
1003 1408 1111 1462 animos
1124 1415 1151 1463 et
1163 1409 1352 1476 illustrandos,
1366 1411 1447 1465 nobis
1457 1412 1585 1467 similiter
1595 1421 1680 1468 erunt
1696 1414 1725 1467 in
1738 1415 1811 1486 signa

149 1506 300 1566 dicaverat,
331 1500 548 1572 unumquodque
576 1500 603 1554 in
619 1516 669 1554 suo
694 1501 754 1555 leco
778 1511 805 1554 et
828 1507 952 1570 tempore
1002 1507 1029 1551 ct
1048 1505 1181 1568 tempera,
1207 1498 1266 1553 dics
1286 1507 1422 1555 etannos.
1440 1500 1508 1566 Quia
1527 1501 1603 1556 enim
1623 1502 1665 1558 sel
1696 1510 1726 1557 et
1749 1503 1811 1558 luna

107 1646 110 1658 ,
148 1610 258 1664 semper
281 1592 386 1646 oriatur
400 1598 427 1645 et
441 1589 558 1644 occidat.
574 1589 771 1643 Sciendumcst
785 1588 859 1643 enim
875 1589 950 1659 quia,
1003 1589 1101 1646 Christi
1128 1600 1154 1646 et
1177 1591 1305 1647 Ecclesiae
1332 1599 1426 1664 typum
1460 1602 1572 1667 gemet,
1602 1596 1812 1652 nonimmcrite

148 1684 218 1736 sicut
230 1682 257 1734 in
274 1680 362 1750 prima
377 1678 422 1732 dic
438 1678 499 1732 coeli
520 1678 638 1731 distenta
652 1686 694 1731 est
709 1677 799 1747 pellis,
815 1676 854 1732 sic
870 1677 951 1731 etiarn
965 1680 1082 1768 Bnobis
1095 1679 1123 1732 in
1136 1680 1215 1749 signa
1227 1687 1254 1735 et
1274 1687 1408 1750 tempora,
1422 1682 1525 1742 etdics,
1541 1689 1569 1736 et
1590 1699 1685 1738 annos
1697 1684 1812 1739 ulterius

149 1779 245 1844 quarta
265 1771 310 1825 die
329 1769 427 1824 vestita
442 1776 484 1823 cst
503 1769 600 1833 stellis,
621 1769 740 1839 ideoque
761 1769 859 1839 pellem
881 1770 952 1824 hanc
1002 1775 1094 1834 erunt,
1109 1785 1173 1841 qura
1188 1769 1259 1824 sicut
1285 1770 1326 1824 sei
1341 1777 1368 1824 et
1383 1771 1447 1824 luna
1469 1771 1551 1826 nobis
1571 1773 1699 1828 exterius
1722 1777 1811 1846 quoti·

149 1863 266 1920 ctuloilli
285 1877 391 1932 possem
414 1875 573 1931 comparare
588 1860 611 1914 si
634 1861 744 1928 vellem,
759 1862 794 1916 de
812 1878 867 1932 quo
882 1862 952 1916 scri·
1002 1865 1094 1919 diariis
1105 1863 1258 1935 fulgoribus
1274 1863 1450 1931 illucescunt,
1477 1865 1515 1920 ita
1530 1866 1655 1922 Christus
1681 1876 1711 1922 et
1725 1870 1813 1926 Eccle-

149 1965 224 2028 ptum
240 1964 295 2011 est:
319 1956 470 2009 Extendens
483 1955 579 2008 celum
593 1957 664 2009 sicut
675 1956 771 2022 pellem
787 1955 869 2023 (Paul.
885 1957 952 2026 ctu).
1004 1953 1044 2007 sia
1056 1952 1157 2007 nestris
1176 1952 1306 2006 cordibus
1320 1953 1428 2007 interna
1447 1969 1558 2024 semper
1573 1956 1634 2010 luce
1647 1957 1814 2013 clarescunt.

149 2046 288 2110 Scd,licet
301 2044 436 2098 incudem
451 2043 521 2097 coele
534 2044 577 2097 vel
594 2043 665 2113 pellc
680 2043 770 2098 adhuc
785 2044 900 2098 diversae
912 2044 955 2097 in·
1007 2038 1154 2094 Sciendum
1168 2046 1209 2093 est
1218 2040 1322 2110 quippe
1337 2042 1401 2112 quia
1416 2041 1486 2096 sicut
1504 2043 1531 2095 in
1548 2043 1638 2112 prima
1652 2045 1702 2099 die
1713 2046 1814 2105 saculi.

149 2135 208 2188 haar
229 2141 292 2188 sunt
305 2132 401 2199 stellae,
418 2132 457 2186 sol
476 2138 568 2186 tamen
583 2131 683 2185 etluna
699 2133 805 2186 caeteris
818 2132 956 2190 sideribus
1005 2133 1101 2185 cutum
1115 2133 1216 2185 meavit
1235 2137 1260 2185 et
1273 2137 1374 2186 terram
1387 2133 1464 2199 (Gen.
1481 2136 1511 2200 ι),
1530 2135 1571 2189 sic
1585 2142 1685 2204 quarta
1713 2138 1759 2193 dic
1775 2140 1816 2193 lu·

149 2246 182 2283 co
199 2227 286 2301 magis
301 2226 428 2280 videntur
439 2225 601 2295 principari,
617 2242 671 2296 que
692 2225 798 2281 Christe
812 2234 840 2282 et
861 2228 953 2283 Eccle·
1006 2234 1064 2273 cem
1081 2219 1161 2273 ¹¹⁰1)ss
1177 2219 1261 2274 V⁰l¹¹li
1275 2221 1379 2275 (Ῑθΰθΐθ
1398 2238 1558 2292 ὃῦβθῐῦθῐῃ,
1573 2226 1690 2294 diffindi>
1704 2228 1739 2281 ad
1756 2227 1816 2282 inu·

148 2319 196 2373 siae
212 2333 265 2373 non
284 2317 434 2388 incongrue
447 2320 563 2385 possunt
575 2316 739 2384 comparari,
753 2315 913 2371 Sicutenim
927 2318 956 2371 in
1008 2307 1152 2362 mittendas
1177 2309 1311 2364 triduanae
1327 2311 1580 2384 caliginisumbras
1601 2316 1751 2387 nubesque
1768 2335 1816 2372 ne·

150 2408 321 2463 firmamento
336 2405 397 2461 eoeli
412 2404 521 2460 duobus
534 2404 589 2458 illis
603 2405 785 2460 luminaribus
800 2406 874 2460 nulla
890 2407 958 2461 stel-
1007 2396 1103 2463 vellat,
1127 2403 1224 2467 quarm
1243 2398 1288 2452 die
1308 2399 1459 2469 tls0dt¹⁰er0
1485 2400 1617 2474 dignatus
1643 2411 1690 2458 esi
1719 2405 1816 2466 solem.

150 2506 236 2558 larum
253 2510 377 2558 creatura
391 2502 515 2557 claritate
535 2501 643 2555 videtur
663 2502 790 2568 eximior,
806 2503 845 2558 sic
865 2505 892 2558 in
910 2502 958 2556 fir·
1009 2489 1101 2543 lunam
1118 2496 1145 2544 ⁰¹
1164 2491 1257 2545 Stellas
1277 2496 1347 2560 (Gm
1373 2493 1424 2563 ¹¹¹i·
1451 2492 1528 2548 Unde
1544 2494 1609 2550 Ῑίΰθῑ
1635 2497 1691 2550 ἃῙῑδ
1712 2497 1819 2553 filatim

150 2600 288 2645 nrarncnte
305 2590 432 2645 Ecclesiae
448 2589 557 2643 duabus
573 2589 615 2643 his
636 2591 761 2660 personis
777 2592 851 2646 nulla
867 2601 959 2662 potest
1008 2584 1044 2637 ⁸5²
1062 2583 1207 2652 ⁸0¹18221¹i³
1225 2585 1308 2654 ¹⁰¹¹&
1325 2587 1380 2641 ⁸¹5³
1402 2588 1555 2655 situatum,
1582 2590 1704 2665 <lignum
1729 2600 1818 2647 lamen

149 2698 212 2737 esso
232 2681 395 2735 sublimior:
413 2681 621 2751 quamvissicut
634 2683 710 2736 stelle
731 2684 765 2737 ab
778 2685 855 2739 stello
869 2685 958 2755 deiferi
1008 2682 1089 2730 estut
1104 2692 1156 2732 110⁸
1168 2677 1319 2733 claritatem
1339 2680 1463 2734 Omnium
1479 2680 1513 2734 ad
1534 2682 1653 2736 salutem
1676 2685 1818 2738 trahamus

128 2768 179 2826 'c'e
193 2773 318 2825 claritate
332 2772 351 2840 (l
365 2774 421 2825 Cor.
433 2784 487 2835 nvp
509 2769 545 2823 ita
565 2769 687 2825 Christus
709 2771 835 2828 Ecclesiae
851 2775 955 2831 coelesti
1006 2771 1173 2838 animatum,
1190 2780 1326 2844 quatenus
1354 2775 1449 2829 aetetni
1465 2774 1578 2830 luminis
1594 2776 1680 2832 nubis
1708 2778 1819 2835 uitiante

151 2862 480 2936 prpemjneardignjrare,
490 2861 567 2916 Unde
581 2863 731 2917 notandum
745 2872 796 2930 est,
810 2867 957 2936 quoquc.
1006 2861 1167 2930 spiramine,
1179 2861 1212 2916 ab
1227 2864 1457 2936 utroquelumine
1476 2880 1592 2936 corpora
1609 2876 1707 2923 nestra
1719 2869 1818 2924 illumi·

149 2966 178 3010 ut
191 2956 218 3009 in
230 2954 370 3008 creatione
383 2953 476 3007 saeculi
492 2967 562 3007 nova
576 2953 636 3007 luce
651 2969 738 3008 novus
754 2956 872 3010 mundus
886 2959 955 3012 emi·
1007 2958 1107 3005 neuitit
1119 2960 1146 3007 ei
1160 2953 1269 3008 animat.
1287 2955 1402 3029 llignttm
1418 2955 1524 3027 quippe
1539 2963 1581 3011 est
1599 2963 1629 3011 ut
1645 2974 1699 3028 pro
1715 2960 1819 3015 illumi-

150 3048 218 3113 cuit,
234 3047 275 3100 sic
293 3047 320 3100 iu
340 3046 469 3117 passione
488 3061 537 3099 sua
556 3045 680 3101 Christus
700 3047 848 3103 Ecclesiam
877 3040 1142 3122 radioC¹¹³tiSlam
1172 3042 1325 3099 flbffllssllw
1349 3045 1636 3116 lumi¹¹i³⁰⁰fll⁰lib¹¹⁵
1656 3050 1767 3105 ”Osiris
1795 3061 1820 3105 ei

149 3139 201 3195 sibi
216 3153 293 3193 novae
303 3136 434 3191 claritatis
449 3135 592 3206 applicuit,
605 3138 641 3192 ita
656 3146 684 3194 ut
699 3139 726 3192 in
737 3150 851 3199 externo
865 3146 954 3214 gemi-

149 3239 191 3277 nae
204 3222 362 3280 dilectionis
370 3223 467 3279 affectu
483 3241 532 3294 per
546 3227 705 3297 mysterium
722 3229 810 3284 crucis
830 3231 898 3287 alter
908 3234 952 3288 al·

148 3314 234 3369 terius
241 3315 297 3383 jatn
312 3314 465 3371 delectetur
479 3324 603 3387 aspectu.
614 3319 675 3389 lpse
687 3321 771 3384 enirn,
785 3326 876 3392 quiod
890 3341 954 3381 cur-

147 3406 260 3458 rendum
273 3407 347 3459 viem
357 3404 494 3475 passionis
509 3406 573 3461 oiim
585 3410 729 3463 exsulterit
742 3418 773 3465 ut
781 3416 856 3481 pipat
867 3414 951 3482 (Psoi.

147 3501 232 3560 xvntl,
249 3493 276 3548 in
298 3510 344 3549 aru
364 3494 463 3560 crucis,
480 3496 588 3551 soliset
617 3497 700 3564 lunae,
727 3500 784 3555 sive
813 3505 908 3573 sponsi
926 3512 953 3559 ct

146 3599 255 3652 sponsae
275 3583 404 3654 copulare
434 3584 618 3656 dignatusest
634 3585 711 3660 bigas
727 3589 828 3659 typice,
845 3593 952 3649 scilicet

146 3677 228 3732 nobis
254 3678 398 3732 insinuans
417 3679 491 3749 qued
519 3678 557 3731 illi
574 3679 716 3734 verissime
737 3681 834 3739 Christi
855 3693 883 3740 et
900 3687 949 3741 Ec-

146 3766 236 3822 clesiae
253 3767 335 3823 iidern
356 3768 457 3822 habere
472 3770 630 3835 creduntur,
647 3771 693 3840 qui
720 3773 746 3826 in
763 3773 869 3831 Christe
884 3777 950 3832 lesu

146 3861 264 3935 geminae
288 3861 445 3917 dilectionis
468 3861 531 3935 biga
554 3873 696 3936 reguntur.
725 3866 764 3919 ad
780 3868 831 3922 hoc
846 3870 950 3941 quippe

146 3951 190 4004 Sel
200 3950 313 4017 justitia
325 3951 618 4008 tubernacctammam
630 3955 750 4024 ponebat
760 3959 948 4028 itasclctibt'di.

145 4042 257 4115 quande
273 4059 322 4112 pro
344 4043 463 4096 humana
475 4044 563 4099 salute
585 4045 733 4102 ascininea
748 4059 899 4120 conceptus
911 4059 953 4107 est

147 4133 237 4204 prole:
261 4138 289 4185 ut
304 4139 331 4184 et
347 4138 384 4193 tu,
403 4133 495 4198 lterno,
508 4134 565 4204 iarn
580 4150 613 4189 eo
630 4137 718 4211 magis
733 4137 837 4193 laetcris
853 4141 880 4193 in
896 4141 951 4197 lieo

145 4224 256 4279 salutari
269 4234 326 4290 tuo,
343 4224 473 4295 quoniam
495 4226 575 4292 licus,
592 4243 641 4297 pro
658 4235 683 4283 te
695 4235 825 4300 tuaquom
840 4248 951 4301 sponsus

147 4316 280 4387 precessit
293 4317 324 4370 de
343 4317 462 4371 tlalamo
475 4332 523 4371 see
543 4317 640 4387 (ted).
658 4318 735 4374 Unde
748 4320 892 4376 sciendum
909 4329 950 4377 est

146 4405 238 4472 nobis,
254 4406 328 4476 quia,
344 4405 367 4458 si
378 4404 464 4459 solem
481 4406 555 4461 hunc
568 4405 705 4462 visibilem
722 4408 853 4464 invisibili
870 4427 948 4466 cern·

146 4510 306 4564 pararemus
320 4494 387 4557 Seli,
410 4510 584 4566 nequaquam
601 4496 628 4550 in
656 4498 708 4552 lroc
729 4500 889 4569 prophetico
908 4502 948 4555 vi-

145 4585 244 4639 demur
263 4601 377 4657 regnare
391 4601 529 4652 sermone,
541 4585 587 4657 qui
605 4587 694 4642 Solem
716 4587 882 4643 invisibilem
899 4589 950 4644 hu-

145 4689 232 4727 rnanae
248 4673 392 4727 insinuans
406 4674 521 4741 notitiae,
548 4679 713 4740 timentibus,
744 4676 842 4747 inquit,
868 4683 950 4734 licum

145 4770 248 4821 orictar
261 4767 302 4819 Sei
311 4770 428 4835 justitie
442 4767 565 4838 (helech.
588 4775 634 4837 tv).
657 4768 687 4822 ln
707 4779 892 4825 cursitantem
908 4773 950 4824 lu-

140 4846 196 4926 nae,
211 4878 271 4932 qum
286 4877 337 4916 nos
352 4861 564 4917 tredeciessolet
576 4862 713 4918 illustrare
729 4880 903 4934 perannum,
917 4866 949 4919 il—

144 4952 190 5006 lud
207 4953 344 5024 praecipue
360 4953 440 5007 nobis
456 4960 497 5008 est
512 4954 755 5020 considerandum,
773 4973 806 5010 nc
823 4958 886 5027 quis
901 4974 948 5012 uo·

139 5039 230 5099 'strum
253 5061 303 5115 per
317 5045 406 5098 varias
432 5045 599 5100 mutationes
614 5047 698 5100 animi
714 5048 857 5103 stultitiam
874 5050 948 5105 illius

144 5136 277 5192 imitando
292 5143 432 5207 sequatur,
456 5138 490 5192 dc
508 5153 561 5208 quo
581 5139 713 5210 scriptum
741 5148 781 5195 cst
802 5142 908 5198 Stultus
921 5151 952 5198 et

145 5229 213 5283 lune
225 5230 352 5281 rrtutrrtur
364 5229 454 5292 (Eccli.
473 5233 567 5296 xxviv).
589 5229 734 5300 Postquam
752 5231 824 5284 enim
842 5231 888 5288 Sel
900 5232 948 5301 ju-

144 5318 225 5373 stitiae
248 5333 297 5388 per
313 5317 412 5372 divinae
427 5318 569 5373 charitatis
583 5319 755 5388 incendium,
771 5324 903 5396 angelicae
923 5330 950 5378 ct

146 5406 271 5460 humanae
286 5406 468 5462 dissensionis
480 5408 574 5462 lunare
586 5408 672 5463 veluit
685 5408 821 5465 illustrare
837 5411 951 5482 dispen-

145 5496 232 5560 dium,
247 5499 338 5551 statim
356 5499 507 5568 plenilunio
519 5499 582 5554 iidci
597 5516 685 5569 novae,
698 5512 724 5556 ct
738 5503 894 5559 dilectionis
904 5522 952 5560 an-

145 5586 227 5656 tiquae
244 5604 293 5657 per
307 5590 485 5658 apostolicam
502 5591 725 5662 praedicationem
740 5596 888 5663 mentibus,
900 5598 952 5652 hu-

147 5679 236 5733 manis
252 5679 339 5736 illusit
354 5685 456 5756 ubique
472 5693 609 5756 quatenus
621 5688 655 5742 ad
676 5687 757 5743 hdeni
774 5688 882 5756 Christi,
902 5692 952 5747 de·

1004 3128 1161 3197 animabus,
1189 3131 1250 3185 sine
1274 3132 1478 3188 intermissione
1499 3134 1554 3190 lieo
1579 3151 1697 3208 semper
1720 3141 1820 3214 gratias

1004 3237 1128 3295 agamus,
1144 3223 1209 3294 quia
1224 3223 1294 3279 sicut
1308 3225 1335 3280 in
1350 3224 1526 3281 firmamento
1538 3227 1602 3282 coeli
1618 3231 1765 3300 quondam
1777 3249 1820 3288 so-

1004 3313 1057 3368 lem
1078 3321 1105 3369 et
1120 3317 1210 3370 lunam
1227 3325 1324 3388 quarte
1340 3319 1385 3372 die
1398 3319 1548 3373 divinitatis
1563 3321 1649 3377 verbo
1673 3324 1817 3393 produxit,

1002 3400 1089 3456 sicin
1114 3403 1286 3461 firmamento
1307 3405 1433 3461 Ecclesiae
1455 3422 1574 3477 sponsus
1597 3424 1713 3478 sponsae
1742 3413 1818 3469 radio

1003 3506 1080 3546 novar
1092 3494 1223 3549 claritatis
1244 3494 1342 3563 illuxit,
1363 3496 1473 3567 quando
1491 3497 1562 3552 idem
1589 3498 1664 3553 [teus
1695 3503 1818 3558 ethome

1002 3583 1034 3636 ad
1052 3585 1269 3659 crucifigendum
1283 3602 1331 3656 pro
1351 3588 1431 3643 nobis
1450 3590 1585 3644 humanos
1604 3591 1711 3648 obtulit
1730 3603 1817 3658 artus,

1001 3689 1143 3745 perquem
1171 3678 1234 3732 olim
1258 3678 1422 3735 factumest
1446 3697 1563 3752 vespere
1588 3691 1617 3738 et
1642 3700 1730 3741 manc
1759 3687 1817 3742 dies

1001 3769 1126 3845 quartus.

1037 3862 1106 3935 Ergo
1117 3860 1187 3915 sicut
1199 3860 1233 3914 de
1246 3861 1315 3927 sole,
1333 3862 1397 3916 luna
1406 3869 1435 3916 et
1447 3862 1534 3917 stellis
1546 3865 1730 3920 tractavimus
1744 3867 1814 3933 heri,

1003 3952 1038 4007 ita
1050 3953 1202 4022 temporale
1214 3951 1309 4007 iumen
1319 3962 1346 4007 et
1358 3961 1492 4008 aeternum
1506 3954 1590 4008 hodie
1603 3955 1745 4012 debemus
1757 3958 1820 4012 dili·

1002 4040 1164 4116 gentissime
1181 4041 1420 4104 intueri,rnaxime
1435 4058 1558 4112 cumpro
1576 4052 1697 4115 utreque
1713 4047 1817 4101 lumine

1003 4134 1030 4187 iu
1045 4141 1120 4188 tante
1133 4134 1266 4188 miraculo
1282 4133 1434 4189 debeamus
1458 4134 1561 4190 habere
1578 4135 1776 4205 Conditorem,
1792 4147 1818 4193 ut

1001 4240 1033 4278 cx
1048 4240 1102 4279 uno
1123 4224 1268 4278 credamus
1282 4239 1345 4279 cutn
1372 4225 1537 4291 mirabilem,
1554 4226 1577 4279 si
1593 4227 1684 4282 altero
1705 4229 1817 4283 mirabi-

1002 4312 1109 4367 liorem.
1138 4314 1205 4377 Quia
1227 4313 1301 4368 enim
1326 4330 1413 4368 unum
1430 4321 1536 4369 terrena
1557 4320 1681 4382 tantum,
1701 4326 1731 4372 et
1761 4334 1814 4372 nen

962 4378 1125 4456 Dcoetastia
1144 4403 1271 4467 illustrat,
1295 4402 1369 4456 alind
1395 4417 1459 4457 vere
1480 4418 1531 4456 nec
1546 4405 1648 4458 coelum
1677 4420 1732 4460 nec
1748 4413 1818 4461 terra

1001 4501 1172 4563 coangustat,
1193 4491 1257 4546 ideo
1275 4492 1297 4544 si
1314 4490 1376 4562 quis
1397 4490 1556 4561 qualitatem
1582 4491 1733 4548 amborum
1755 4496 1817 4549 velit

1003 4599 1119 4654 pensare
1135 4583 1275 4649 subtilius,
1290 4599 1374 4636 unum
1391 4598 1472 4654 quain
1486 4582 1624 4648 mirabile,
1643 4591 1672 4639 ct
1689 4585 1818 4641 aliudest

1001 4676 1163 4731 mirabilius,
1181 4676 1256 4730 Unde
1270 4677 1292 4730 si
1309 4675 1463 4730 mirandum
1478 4683 1519 4730 est
1534 4675 1634 4730 coelurn
1659 4676 1737 4732 istud
1753 4679 1815 4733 visi-

1001 4767 1066 4832 biic,
1079 4769 1152 4839 qued
1168 4768 1279 4822 extendi
1291 4768 1398 4823 videtur
1409 4773 1438 4821 ut
1453 4767 1543 4837 pellis,
1560 4783 1611 4837 per
1626 4770 1705 4839 quod
1722 4773 1817 4841 quoti-

1000 4863 1045 4918 dic
1058 4864 1227 4919 illustramur
1245 4881 1261 4918 a
1277 4865 1346 4930 sele,
1368 4863 1432 4918 luna
1457 4869 1484 4917 et
1498 4863 1598 4928 stellis,
1624 4866 1817 4936 multomagis

1000 4956 1160 5010 admiranda
1176 4963 1217 5010 cst
1232 4956 1285 5010 Lux
1299 4955 1346 5010 illa
1360 4971 1491 5026 superna,
1502 4972 1552 5025 per
1565 4972 1649 5027 quam
1661 4956 1689 5010 in
1709 4957 1817 5033 angelis

999 5055 1026 5102 et
1042 5048 1202 5102 hominibus
1226 5049 1324 5104 coelum
1341 5047 1513 5101 illuminatur
1532 5062 1564 5101 ac
1584 5055 1670 5102 terra.
1697 5048 1765 5104 llaec
1778 5059 1817 5105 est

1002 5143 1074 5198 enirn
1098 5142 1143 5197 iila
1159 5145 1202 5197 Ιιιι
1223 5159 1369 5215 perquam
1389 5159 1450 5204 nos,
1466 5143 1513 5214 qui
1527 5142 1578 5197 tilii
1592 5144 1664 5200 lucis
1677 5161 1778 5201 sumus
1791 5155 1816 5201 ct

1001 5234 1050 5290 iiiii
1072 5235 1118 5290 ttei
1134 5237 1302 5307 quandoque
1316 5235 1410 5290 videre
1424 5235 1558 5289 debemus
1577 5236 1734 5293 claritatem
1758 5238 1815 5302 Ilei,

1001 5327 1023 5381 si
1044 5333 1135 5380 tatncn
1151 5327 1209 5397 ipse
1225 5327 1253 5380 in
1270 5326 1350 5380 uoltis
1358 5327 1414 5395 jam
1433 5325 1570 5379 illuminet
1589 5327 1759 5384 abscondita
1776 5337 1813 5382 te·

1001 5417 1161 5484 nebrarum,
1182 5417 1228 5488 qui
1247 5432 1298 5472 nos
1311 5416 1338 5470 iu
1354 5416 1445 5471 tuturo
1463 5415 1650 5471 illustraturus
1665 5426 1709 5472 est
1722 5419 1815 5488 inspe-

1004 5510 1095 5565 ctione
1108 5509 1261 5563 animarnm
1273 5517 1440 5563 sanctarum.
1453 5507 1502 5571 Qui
1512 5507 1645 5579 quoniam
1658 5510 1693 5563 ad
1705 5525 1814 5585 cogno·

1002 5602 1133 5657 scandam
1150 5602 1219 5657 lucis
1245 5607 1385 5672 perpetuae
1405 5600 1558 5667 veritatem,
1579 5602 1759 5672 temperauci
1773 5602 1814 5658 iu·

1003 5692 1086 5746 minis
1100 5692 1180 5747 istius
1198 5691 1372 5746 umbratilem
1388 5690 1468 5748 nobis
1484 5690 1571 5747 voluit
1581 5707 1744 5766 praerogare
1759 5693 1814 5749 cla·
