3720 6014
66 229 116 286 ast
578 228 712 285 ‘unsri
731 226 885 285 nnnlreu
906 224 1191 282 pruniacensem.
1376 178 1384 189 ’
1682 224 1736 284 eae

64 368 140 423 tnnis
161 368 312 439 supradicti
329 368 423 439 praedii
451 368 517 423 locis
532 367 611 423 laetis
627 369 762 424 aestauriis
780 369 815 403 ¹¹¹
829 368 874 423 vi·
888 370 913 438 Α
927 367 1001 423 nobb
1016 381 1098 436 quarn
1121 379 1169 434 pra
1184 364 1236 418 iilis
1249 362 1416 417 arationibus
1439 367 1536 417 vacem
1549 363 1579 416 in
1596 368 1652 418 tota
1665 365 1737 434 ipsa·

63 459 138 515 varia
153 458 188 513 ad
205 458 382 529 recipiendos
408 459 499 531 pisces
515 459 686 526 construxit;
715 459 789 531 quod
816 458 874 514 lra—
926 474 990 513 rurn
1010 455 1280 526 attenuationem
1301 456 1435 523 mudnatis
1458 456 1567 510 nemim
1590 468 1645 510 nen
1663 469 1740 525 opere

65 553 136 601 trum
152 545 250 601 usibus
264 547 331 601 satis
345 547 411 601 utile
425 562 485 602 esse
495 546 626 618 providit.
925 547 1071 615 subscripsi
1082 552 1107 601 et
1122 546 1290 610 confirmavi.

101 635 443 693 testamentaria
467 636 603 707 Wolpodo
620 639 676 705 (an.
698 635 791 704 tots),
812 635 876 706 quia
961 639 1005 696 35.
1035 639 1175 694 baldricus
1201 653 1268 708 sepe
1294 652 1377 708 supra
1391 637 1559 709 {nominatus
1587 635 1736 709 episcopus

65 726 181 782 omniuo
194 726 304 781 deditus
316 732 374 782 crat
386 732 487 782 sanctae
502 727 645 800 religionis
660 725 762 781 studio.
779 726 875 780 Olbcr-
926 744 989 784 eum
1014 730 1179 783 retributore
1195 726 1319 783 omnium
1345 727 1402 781 lieo
1428 725 1533 782 iaciens
1546 724 1736 781 commertium

60 821 118 870 tum
133 815 262 870 abbatem
281 815 428 886 religiosus
445 815 554 870 caeteris
569 815 661 870 virere
682 814 778 868 libenti
800 813 875 867 acci·
927 819 1078 888 proficuum
1098 817 1163 884 sibi,
1188 816 1272 888 elegit
1295 815 1329 869 de
1353 815 1485 886 perituris
1511 823 1613 870 aeterna
1637 815 1672 869 ab
1701 828 1734 870 eo

65 904 163 975 piehat
183 905 329 971 anime‚et
354 921 415 960 cnm
435 905 565 979 dignatus
589 920 640 959 suo
658 901 875 959 latereetauri·
926 908 1050 962 mercari.
1078 906 1142 961 ldco
1169 922 1232 961 eum
1262 905 1397 976 adoptans
1427 905 1557 959 heredem
1576 902 1734 974 patrimonii

66 995 140 1062 cula,
155 996 190 1050 ad
212 995 327 1051 meliora
340 1012 403 1051 eum
419 997 536 1052 tendere
561 1013 611 1051 sna
630 996 798 1067 provocabat
812 1011 873 1068 gra·
924 999 978 1063 sui,
992 998 1150 1054 coenobium
1168 998 1313 1053 inhonore
1328 995 1420 1052 fratris
1435 996 1544 1052 Domini
1558 996 1652 1052 tacobi
1669 995 1733 1050 lun·

66 1087 114 1142 tin.
129 1087 207 1143 Unde
219 1088 294 1160 quod
311 1088 428 1159 primam
448 1089 474 1144 ei
487 1089 615 1154 occurrit,
630 1105 691 1160 qnae
717 1094 875 1143 antecessor
926 1086 1002 1143 dnvit
1018 1088 1045 1141 in
1062 1087 1152 1141 insula
1164 1085 1338 1152 leodicensi,
1353 1102 1385 1141 ac
1399 1085 1553 1156 portionem
1568 1081 1731 1139 substantiae

66 1194 134 1235 suus
160 1179 235 1235 illins
249 1180 336 1254 gratia
361 1180 492 1236 aecclesiis
516 1180 735 1235 Gemmelnceusi
751 1179 874 1246 tradidit,
926 1181 1097 1252 temporalis,
1114 1196 1174 1252 quae
1190 1196 1223 1235 cx
1238 1180 1323 1234 multa
1339 1181 1418 1250 copia
1433 1180 1567 1236 nobilium
1589 1185 1734 1250 pareutum

65 1284 125 1323 snae
152 1268 339 1340 stipulationis
360 1269 522 1324 anctoritate
546 1267 733 1334 confirtuavlt;
762 1267 877 1338 insuper
927 1288 1039 1328 suornm
1054 1288 1117 1328 enm
1137 1271 1327 1346 contingebat,
1349 1271 1486 1346 delegarit
1500 1271 1549 1327 ibi.
1567 1270 1621 1326 Sed
1643 1270 1737 1325 imma·

66 1358 154 1429 ipsam
173 1357 325 1413 aecclesiam
350 1358 603 1415 Gemmelacensem
631 1357 814 1412 immunitatis
838 1355 876 1410 li·
928 1368 989 1417 turo
1001 1368 1095 1433 raptus
1122 1360 1230 1427 sunere,
1247 1375 1299 1415 nec
1315 1360 1406 1431 potnit
1426 1359 1454 1414 in
1470 1360 1523 1415 hoc
1535 1359 1606 1416 rotis
1623 1359 1682 1416 suis
1703 1356 1738 1414 ad

66 1447 173 1502 bertate
192 1445 874 1518 donavtrettraechujusmodicnrtaetesttmonte
928 1452 1041 1523 plenum
1067 1448 1237 1505 satisfacere.
1268 1447 1350 1519 Cujus
1369 1447 1424 1505 loci
1463 1447 1639 1520 prouidentia
1672 1447 1738 1522 qnia

66 1537 185 1608 posteris
203 1537 394 1592 conservanda
410 1537 568 1611 assignavit.
928 1544 996 1598 nulli
1025 1543 1116 1599 adhue
1130 1543 1270 1618 assignata
1285 1548 1354 1608 erat,
1381 1540 1415 1596 ad
1434 1557 1546 1596 uranum
1565 1541 1655 1597 solius
1674 1539 1738 1612 epi·

104 1629 239 1699 walpodo,
267 1632 313 1684 Dar·
331 1630 486 1699 disponente
504 1631 645 1686 sumentia
660 1636 761 1686 saneta
787 1629 878 1686 Medi
928 1635 1005 1707 scopi
1031 1635 1183 1707 spectabat.
1207 1634 1282 1690 Unde
1303 1647 1447 1689 successor
1472 1631 1589 1688 baldrici
1602 1631 1739 1704 Wolpodo

65 1719 150 1772 1113113ῑὲ1
163 1716 288 1771 mltis&
303 1719 448 1787 elwini,
477 1719 641 1774 omnibusne
655 1720 814 1789 01¹¹sspr
833 1721 876 1774 vi·
929 1727 1136 1799 piesollicitns,
1157 1723 1739 1793 habitoconsiliocumanisiamiliarihus,

64 1824 126 1866 vere
146 1809 304 1864 vabntibas.
334 1813 480 1879 Unicuique
511 1815 609 1867 Christi
632 1812 754 1878 fidelium
776 1814 877 1868 scimus
927 1815 1090 1871 deliberarit
1117 1816 1209 1871 locum
1239 1815 1315 1871 illum
1344 1813 1552 1887 prudentissimi
1571 1812 1681 1870 abbatis
1694 1813 1740 1870 01-

66 1904 225 1959 ornniruadis
251 1918 305 1958 esse
333 1904 536 1973 elaborandum,
562 1911 593 1960 at
621 1908 769 1975 promereri
795 1907 877 1976 possit
926 1908 998 1963 berti
1021 1908 1192 1964 committere
1208 1905 1355 1973 {manibus
1371 1906 1449 1972 Quod
1470 1905 1517 1961 illc
1543 1905 1590 1960 diu
1607 1905 1740 1960 multum-

66 1997 186 2063 pratiarn
198 2001 364 2050 sanctorum.
386 1998 504 2059 Quiasic
523 2000 705 2066 tamprepriar
716 1998 876 2066 [rupiditatis
927 2012 981 2070 que
1002 1998 1153 2052 reluctatus
1174 1994 1323 2052 declinavit
1339 1994 1491 2063 humiliter,
1516 2002 1543 2049 at
1557 1993 1601 2049 rix
1626 1993 1737 2049 tandem

61 2097 145 2154 quarn
157 2084 192 2118 ⁷¹³
205 2085 323 2141 urana
341 2091 368 2138 et
386 2085 467 2153 hujus
482 2085 580 2139 mundi
593 2088 765 2141 cornutimur
783 2087 876 2153 {iacti-
926 2089 1049 2160 suscepit
1063 2088 1228 2145 obedienter
1239 2094 1266 2142 ct
1286 2092 1416 2142 executus
1430 2092 1471 2141 est
1495 2085 1656 2157 prudenter.
1672 2084 1739 2139 liam

66 2180 125 2249 dau,
141 2187 168 2236 et
180 2184 291 2236 nannai
301 2195 395 2236 eorum
409 2182 474 2247 freti
486 2181 796 2250 pabocirnusalrsistere
811 2196 876 2250 por·
928 2180 1191 2236 aedificatoclanstre
1204 2195 1266 2235 cunr
1282 2177 1478 2241 ollrcinissuis,
1491 2185 1572 2250 prout
1581 2175 1739 2249 patiebatur

63 2277 162 2329 almus.
179 2274 250 2328 liade
262 2276 352 2329 suncti
366 2275 437 2328 Petri
455 2275 633 2344 apostolorum
658 2276 788 2344 principis
810 2289 877 2328 san·
928 2273 1102 2343 oportunitas
1113 2272 1256 2344 temporis,
1272 2272 1405 2344 colligens
1419 2271 1483 2327 hinc
1496 2269 1562 2325 inde
1575 2268 1649 2326 tiras
1663 2267 1735 2325 bene

63 2369 151 2437 etiam
170 2369 298 2436 Eruperri
312 2369 440 2437 ruartpris
456 2368 625 2436 uarumque
644 2372 802 2423 sanctarum
825 2383 876 2436 pa·
928 2363 1089 2420 directosad
1104 2379 1228 2420 normam
1248 2360 1404 2433 disciplinae
1420 2359 1563 2435 regularis,
1576 2366 1603 2414 et
1617 2357 1737 2414 manime

64 2462 180 2516 tracima
203 2475 255 2530 pua
272 2463 351 2531 potui
374 2460 451 2516 nudo
474 2475 593 2530 quarere
615 2460 771 2528 ddiiaau,
798 2474 878 2528 quern
928 2473 960 2513 cx
980 2458 1129 2529 disciplina
1149 2456 1256 2512 abbatis
1280 2453 1420 2520 thebardi,
1444 2454 1492 2527 qni
1511 2458 1578 2510 tnnc
1604 2450 1739 2523 temporis

62 2556 89 2604 et
110 2550 236 2606 amnibus
251 2556 308 2605 tarn
324 2551 501 2619 praesentibus
516 2566 600 2619 auaui
614 2550 878 2616 saturissatifieare
928 2547 1041 2620 ubique.
1053 2546 1254 2619 predicabatur
1276 2544 1304 2598 in
1328 2543 1435 2599 lerrere
1458 2547 1561 2596 sanetae
1580 2538 1735 2615 religionis,

63 2643 193 2712 dispersu.
219 2645 373 2697 antecessor
398 2657 474 2697 auus
494 2642 633 2697 baldricus
658 2642 749 2696 diuino
774 2647 800 2696 et
823 2643 879 2710 ipse
927 2621 1034 2711 primn's
1049 2639 1105 2695 illic
1125 2637 1295 2710 propositum
1315 2635 1486 2692 monachicae
1502 2631 1682 2705 professionis
1697 2631 1738 2686 in·

67 2738 158 2788 tactus
169 2735 282 2801 saeue,
302 2735 441 2804 parandam
456 2734 604 2788 ‹neemia-ra
618 2736 648 2788 iu
659 2735 792 2788 bavechin
807 2737 878 2787 certa
928 2731 1027 2798 stituit,
1043 2737 1071 2786 cl
1086 2730 1176 2802 quand
1197 2729 1275 2797 vixit,
1299 2728 1391 2784 locum
1412 2726 1490 2781 illum
1509 2726 1543 2780 ad
1563 2724 1673 2780 laudem
1689 2721 1738 2778 bat

68 2832 164 2880 suestra
187 2829 269 2879 sitam
283 2826 464 2881 demdlncensi
489 2826 560 2880 dedit
585 2827 718 2892 adelaia,
734 2828 765 2879 in
781 2827 880 2880 tranare
928 2833 955 2880 et
970 2823 1113 2878 homiuum
1127 2821 1318 2878 strenuissime
1332 2817 1507 2895 gubernavit.

65 2920 286 2989 supradictorum
299 2921 435 2975 dedicata,
448 2922 522 2976 neate
537 2926 563 2976 et
577 2921 693 2975 decimas
706 2920 878 2989 praetendam
963 2909 1007 2966 36.
1035 2909 1090 2965 Nee
1114 2909 1205 2965 minus
1229 2909 1361 2978 iusrstens
1382 2913 1462 2978 cepto
1484 2903 1563 2977 operi
1583 2901 1739 2960 Gemmela·

66 3014 215 3075 sartorum,
240 3025 299 3078 pare
326 3010 481 3078 qutunmm
503 3010 572 3064 petua
600 3008 761 3080 [soruba-esan
779 3009 814 3043 ¹¹⁶
841 3006 875 3082 er]
928 2997 1019 3054 censis
1037 2996 1182 3060 aecclesiae,
1209 2994 1374 3067 quicquida
1396 2992 1546 3065 semetipso
1571 2990 1741 3048 omnimodis

66 3103 127 3156 pm
149 3100 220 3156 pipp
238 3101 357 3171 ejusdem
376 3102 569 3157 Gemppaaemp
583 3103 707 3157 oecppppoe
726 3101 874 3168 sariebant,
927 3084 1079 3141 laborando
1093 3091 1201 3157 poterat
1227 3091 1402 3155 extorquere,
1416 3089 1503 3138 totum
1531 3079 1674 3157 satagebat
1687 3095 1738 3137 cx·

63 3204 176 3259 quoeque
187 3189 258 3244 nulli
284 3195 481 3245 amm-mrum
499 3197 652 3245 nostrorum
678 3191 762 3245 almi
780 3205 876 3260 Pam·
927 3177 1049 3248 pendere
1069 3177 1097 3231 ll]
1110 3177 1228 3232 ulilitate
1249 3174 1288 3230 l'ei
1304 3173 1515 3230 aecelssslafliicae·
1537 3172 1615 3230 Unde
1630 3171 1666 3228 ad
1684 3176 1740 3227 tam

61 3282 132 3337 alrioe
152 3284 367 3350 auipuauerant.
387 3287 419 3335 lit
433 3283 489 3336 hae
511 3282 636 3351 quidm
659 3282 709 3337 sab
726 3285 877 3337 testimonio
927 3275 1084 3340 promptum
1099 3269 1179 3323 bonae
1199 3266 1363 3322 intentionis
1383 3263 1523 3331 affectum,
1543 3263 1739 3320 subministra·

60 3374 173 3427 usuum
192 3372 493 3441 idonearumpraedr'etu
525 3372 649 3426 aeclesia
672 3373 801 3439 auritatae,
833 3373 878 3427 eat
928 3364 975 3419 bat
989 3363 1142 3418 divinitatis
1164 3361 1252 3436 gratia
1277 3366 1401 3432 optatum
1430 3357 1569 3414 ellectum.
1598 3355 1740 3428 Siquidem

65 3464 207 3521 carratam
222 3464 376 3518 traditionis
404 3469 489 3517 morte
499 3469 652 3532 preventus
679 3479 734 3518 nan
758 3465 830 3531 tecit.
848 3469 880 3518 ln
928 3457 1069 3513 arridente
1088 3457 1141 3511 sihi
1156 3455 1242 3511 multo
1255 3470 1385 3511 successu
1402 3452 1593 3524 prosperitatis
1605 3450 1741 3506 maturius

63 3575 121 3630 aaa
136 3559 263 3626 facienda
276 3559 365 3612 vabus
379 3573 422 3612 rua
444 3560 534 3625 fucere
542 3561 703 3628 participem
714 3563 772 3629 ejus
784 3559 879 3615 etpmp
929 3563 980 3602 sna
994 3562 1044 3617 spe
1058 3546 1127 3602 uidit
1153 3543 1420 3601 consummationem
1448 3541 1521 3613 cepti
1540 3539 1643 3613 operis,
1670 3538 1742 3595 inira

66 3651 145 3715 rma,
160 3647 322 3717 pradictum
336 3647 437 3702 buum
451 3647 501 3701 sub
519 3648 633 3702 perrenae
643 3649 722 3713 prmo
736 3651 880 3717 consigna.
929 3635 1077 3690 trienninm
1107 3632 1165 3689 lere
1186 3630 1322 3688 aedilicata
1342 3628 1467 3686 aeeclesia
1487 3643 1547 3684 curn
1573 3626 1742 3683 utensilibus

66 3740 151 3793 tione.
181 3735 251 3790 Addo
278 3741 304 3789 et
328 3736 404 3790 aliud
421 3752 456 3791 ec
472 3742 552 3806 parte
577 3740 664 3792 nostri
681 3738 793 3805 barim,
813 3738 881 3807 quod
929 3725 998 3793 suis,
1020 3731 1177 3783 constructo
1204 3724 1286 3780 etiam
1301 3723 1422 3780 clanstro
1450 3736 1513 3777 cum
1536 3717 1742 3788 ollieinissnis,

66 3822 194 3878 omnibus
208 3822 264 3877 uolo
278 3837 332 3877 esse
358 3829 464 3878 natum.
481 3827 616 3879 instinctu
643 3831 733 3881 nostro
759 3826 841 3881 abdas
855 3832 880 3881 at
930 3820 969 3882 0¹,
985 3814 1060 3888 (1¹¹0d
1074 3814 1163 3889 ¹¹¹¹g¹⁸
1181 3812 1279 3869 11111θὶ
1299 3827 1328 3866 ¹¹¹
1346 3807 1540 3878 1010,1’11111(1
1557 3809 1670 3881 plenum
1685 3805 1739 3863 sel·

66 3917 239 3983 oonprepatia
265 3916 388 3984 predicti
401 3916 453 3970 toci
468 3917 616 3972 (tractatam
641 3933 739 3973 nova-m
757 3919 878 3984 oedpfipa.
930 3916 1013 3964 rente
1033 3907 1071 3963 ibi
1085 3912 1187 3963 sanctae
1212 3904 1354 3978 religionis
1367 3904 1469 3972 stadio,
1489 3900 1617 3957 litteralis
1630 3915 1741 3974 qnoque

65 4009 118 4073 uit,
141 4010 451 4077 jaataauamautiqau
477 4011 662 4079 relictaque
685 4016 744 4066 erat
761 4016 880 4081 paruula
931 4003 1055 4059 scientiae
1084 4016 1141 4057 non
1169 3998 1348 4056 mediocriter
1369 3997 1481 4072 rigente
1507 3994 1651 4052 exercitio.
1680 3994 1742 4066 lpse

67 4102 96 4154 er
109 4099 294 4168 centupeda,
310 4100 462 4155 cuusrrum
475 4107 501 4155 er
517 4104 610 4156 omnen
625 4103 810 4159 tranuntur
829 4119 879 4158 cu·
931 4095 1034 4150 nuttam
1060 4108 1138 4166 paene
1153 4108 1206 4148 nec
1232 4090 1306 4147 curis
1320 4089 1405 4146 animi
1434 4103 1487 4144 nec
1506 4086 1594 4143 labori
1617 4085 1742 4159 corpori·

66 4197 147 4249 rant.
162 4193 211 4248 Sed
224 4195 264 4249 his
278 4195 435 4264 padumque
447 4197 547 4264 sactis,·
571 4199 667 4252 timent
686 4201 880 4253 circumuenta
931 4189 1027 4244 laxans
1041 4188 1178 4260 quietem,
1193 4201 1303 4258 semper
1313 4185 1446 4241 madebat
1454 4182 1489 4237 nd
1505 4182 1598 4252 operis
1610 4196 1741 4237 consum·

67 4281 360 4339 adsoniaadaeceiesia
375 4287 489 4353 anthad
518 4286 648 4354 exipenda
667 4287 881 4358 ascadepueo-
931 4281 1092 4338 arationem.
1124 4281 1164 4336 lta
1194 4279 1323 4335 omnihus
1357 4277 1496 4350 apparatis
1528 4291 1561 4331 ex
1588 4273 1741 4339 voluntale,

67 4376 113 4445 pis
140 4375 264 4441 suturis,
294 4389 326 4429 ea
349 4376 449 4431 seilicet
488 4380 633 4445 ocemund,
662 4380 731 4448 quad
751 4387 885 4435 manute-
934 4373 1140 4428 dedicationem
1155 4370 1231 4426 illins
1249 4370 1381 4426 aeectestae
1394 4365 1528 4424 celebrari
1544 4363 1610 4420 lecit
1624 4360 1742 4416 maxima

72 4464 150 4517 rium
163 4462 270 4518 deserit
284 4465 341 4532 ipsu
355 4479 419 4519 esse.
432 4469 514 4534 Crrjus
529 4469 569 4521 rei
587 4470 719 4523 rationem
744 4469 885 4539 dilipcnter
895 4423 923 4492 D
934 4468 1057 4524 omnium
1072 4467 1225 4523 vicinorum
1246 4465 1386 4521 alacritate
1410 4479 1426 4518 a
1446 4460 1575 4516 liurando
1590 4455 1743 4514 venerabili

69 4553 237 4620 investiantur
264 4567 328 4607 curn
350 4554 455 4621 eruitis,
477 4558 602 4624 comperi,
623 4556 658 4610 ab
684 4560 742 4626 ipsa
765 4559 884 4614 ecelesia
934 4555 1147 4611 Laodicensium
1181 4552 1300 4625 praesule
1329 4551 1346 4606 8
1376 4548 1512 4605 Kalendas
1539 4544 1653 4618 Augusti
1676 4543 1742 4599 mil·

67 4643 253 4701 Gemdiacensi
277 4647 388 4700 seruitia
403 4647 573 4716 alhuadata
591 4663 646 4704 neu
662 4650 746 4715 fuisse
764 4653 883 4705 circuni-
933 4647 1031 4703 lesimo
1044 4648 1175 4703 vicesimo
1195 4645 1319 4700 secunde
1339 4657 1412 4698 nuno
1434 4639 1552 4697 Domini.
1579 4637 1634 4694 Nec
1655 4636 1742 4717 multo

70 4735 165 4790 itienb
180 4734 280 4789 sedicet
292 4738 349 4790 uice
362 4736 571 4792 antecessoribus
587 4741 661 4805 meis,
681 4752 715 4793 ee
728 4752 778 4808 quo
792 4740 884 4794 eadem
933 4745 994 4809 past
1009 4737 1157 4794 oratorium
1181 4735 1267 4792 sancti
1289 4733 1365 4791 Pauli
1392 4732 1475 4788 sitnm
1503 4728 1574 4785 inira
1592 4729 1742 4784 claustrum

71 4826 185 4882 abbatia
202 4829 391 4893 mrruidreutia
404 4832 473 4899 repis
490 4830 610 4899 subjecta
628 4837 666 4887 est
680 4832 735 4887 sedi
762 4833 883 4888 aeebsin
932 4831 949 4885 6
969 4830 1104 4885 llaleudns
1122 4828 1197 4885 Junii
1226 4845 1241 4882 a
1267 4841 1427 4882 successore
1446 4823 1567 4880 llurandi
1587 4821 1743 4899 llaginnrdo

72 4916 245 4973 murense.
266 4922 344 4974 Hanc
357 4926 554 4975 antecessorum
576 4935 697 4976 mnam
715 4923 887 4978 eleurentr'am
936 4921 1057 4977 dedicari
1079 4919 1153 4986 lecit,
1170 4919 1243 4990 apud
1263 4919 1342 4989 cujus
1361 4918 1481 4973 animum
1502 4915 1651 4971 maximnm
1675 4911 1746 4968 ami·

71 5023 103 5061 tn
115 5008 246 5075 staturam
259 5008 427 5065 decernimus
452 5010 673 5078 concedendam,
688 5012 788 5067 retinet
803 5018 834 5067 ut
852 5011 887 5067 ab
937 5010 1007 5066 citiae
1021 5009 1112 5065 locum
1123 5007 1251 5079 optinere
1265 5006 1374 5061 meruit.
1385 5005 1483 5062 Postea
1492 5003 1575 5059 etiam
1586 5007 1743 5058 constructo

70 5097 190 5152 aecluiu
216 5097 406 5169 deindiaeensr',
421 5101 497 5155 satra
513 5106 622 5155 tanturn
636 5103 806 5159 ordinatiane
816 5118 886 5174 pon-
936 5097 1040 5171 duplici
1054 5096 1186 5164 oratorio,
1203 5095 1317 5150 interius
1330 5094 1435 5151 seilicet
1448 5093 1477 5148 in
1491 5093 1596 5149 honore
1611 5085 1746 5144 iohannis

77 5186 181 5252 lineali,
210 5183 366 5244 seruitutem
393 5191 589 5245 cuturnitiauis
606 5193 748 5260 requirant
768 5195 885 5249 nattam
936 5190 1064 5263 baptistas
1076 5183 1579 5262 ettohanniserangelistae.superius
1594 5180 1622 5234 in
1640 5178 1747 5235 honore

74 5278 230 5334 Secundum
247 5286 405 5337 sanehrurn
423 5296 560 5338 maenum
578 5285 706 5338 instituta
727 5288 888 5354 permittant
937 5279 1079 5337 llicltaelis
1093 5276 1251 5350 archangeli
1271 5283 1299 5331 et
1318 5274 1450 5347 Stephani
1465 5265 1692 5345 prothomartyris
1712 5264 1747 5320 ah

74 5370 220 5426 'mmm'
244 5372 332 5426 ”imm
355 5371 483 5428 mum
507 5373 595 5442 purete
613 5372 693 5440 blm,
719 5378 750 5428 ul
769 5378 827 5430 tam
838 5391 888 5446 pra
937 5376 1036 5433 eodem
1053 5372 1210 5450 Baginardo
1225 5371 1397 5430 sollemniter
1424 5365 1545 5426 dedicari
1561 5363 1626 5421 lecit
1647 5361 1665 5418 θ
1684 5360 1750 5417 ldns

759 5501 869 5561 ttulit
879 5502 1069 5563 temtantes,

109 5619 146 5656 ¹⁴¹
158 5621 194 5676 iis
207 5637 221 5676 e
235 5638 307 5678 corr.
329 5619 363 5657 ²⁴¹
379 5629 434 5679 tam
447 5639 517 5680 corr.
528 5640 622 5697 qnam.
640 5625 675 5664 ⁷¹⁰
690 5626 855 5686 sombresia
869 5634 897 5688 at
907 5633 972 5702 post
983 5628 1050 5686 add.
