3720 6014
71 220 125 276 765

682 211 757 267 vitu
777 207 878 266 PRIOR
898 208 926 261 S.
950 208 1125 265 LAMBERTI.

1684 215 1739 272 766

71 355 99 402 et
118 345 312 412 emicossuos‚
328 345 353 399 ei
372 343 500 400 servabat
525 343 620 419 gratiae
648 341 767 414 copiam,
783 345 828 407 et;
854 337 877 394 si
889 341 1079 410 Aturroutem
1095 340 1207 396 brachia
1229 340 1344 397 tendere
1361 356 1416 397 nou
1440 343 1542 413 potuit,
1572 359 1646 409 uam,
1675 344 1741 416 quia

71 439 137 511 quid
157 439 183 493 iu
198 453 285 510 regno
299 452 349 494 suo
365 436 591 493 auctorizandum
607 441 675 501 crat,
692 450 746 490 nou
764 433 879 504 putaba-

72 543 117 589 tur
132 533 198 589 satis
213 538 301 587 ratum
326 531 395 600 iore,
412 531 466 588 nisi
481 530 564 586 etiarn
590 529 727 586 Lamberti
742 527 880 600 approba·

72 633 129 681 tum
148 632 221 680 esset
236 624 363 680 consilio.

381 714 486 770 carot
502 712 569 769 Vill.

108 806 160 873 Qui
187 806 293 872 {uniret
307 806 427 875 episcopi
444 808 469 859 ct
499 803 609 859 abbates
632 800 842 872 contemporales

380 877 409 932 S.
423 875 570 930 Lcrrrberti.

109 969 163 1040 lpsi
174 984 240 1022 sane
256 968 423 1023 Francorum
438 982 528 1040 reges,
542 964 730 1021 Theodericus
739 971 767 1019 et
780 963 879 1019 llildri·

70 1075 130 1125 cus,
147 1059 272 1130 quamvis
288 1073 338 1130 pro
357 1056 532 1129 simplicitate
554 1056 646 1112 minus
665 1071 715 1128 per
742 1070 771 1110 se
799 1068 879 1125 sape·

70 1159 141 1215 rent,
158 1150 187 1204 in
212 1151 264 1204 boc
287 1157 378 1204 tamen
404 1149 559 1219 sapiebant,
581 1146 645 1218 qnia
668 1144 818 1200 audiebant
836 1159 880 1199 sa·

70 1239 191 1309 pientes:
208 1238 313 1309 primus
330 1239 403 1293 enim
420 1236 564 1308 sapientiae
579 1235 680 1311 gradus
697 1242 749 1301 est,
763 1247 874 1305 sapere;

68 1330 218 1397 socundus,
245 1330 339 1384 audire
359 1329 522 1400 sapientem.
541 1327 628 1392 Unde,
655 1327 719 1399 quia
740 1325 876 1381 Lamhorti

70 1429 124 1475 tarn
137 1421 225 1476 sancti
240 1429 268 1475 et
282 1428 335 1475 tam
348 1419 493 1490 prudentis
507 1418 557 1472 riri
577 1417 749 1487 aliorumque
765 1423 875 1472 sancto·

68 1530 130 1568 rum
151 1515 346 1585 episcoporum
365 1513 481 1571 consilio
496 1512 681 1584 disponebant
696 1509 774 1583 regni
789 1525 877 1585 nego-

68 1603 115 1669 tia,
135 1611 193 1658 erat
221 1603 248 1657 in
269 1609 386 1674 utroque
407 1617 492 1677 regno
524 1600 637 1672 pulchra
662 1614 750 1654 rernm
780 1598 874 1667 iacies,

67 1705 95 1751 et
110 1697 325 1768 prosperabatur
335 1694 404 1751 fides
417 1694 555 1751 Ecclesiae.

104 1790 184 1844 Erant
209 1790 313 1861 quippe
328 1795 394 1844 tunc
410 1787 543 1860 temporis
561 1784 649 1841 sancti
663 1784 797 1856 episcopi,
814 1785 872 1855 qui,

65 1881 184 1937 scientia
212 1880 321 1952 praediti
342 1888 369 1935 ct
389 1880 535 1950 sapientia,
555 1886 648 1935 sancte
675 1885 702 1934 et
721 1879 794 1949 juste
823 1894 872 1933 se·

65 1975 171 2030 condas
182 1975 258 2048 regni
273 1981 365 2045 partes
375 1973 616 2028 administrabant.
642 1972 672 2026 ln
686 1970 728 2025 his
741 1969 872 2041 praeemi-

67 2064 173 2119 nebant
213 2063 363 2118 rtndocnus
404 2059 644 2135 Rothomagcnsis
684 2059 872 2131 austrigisilus

67 2155 259 2227 biturigensis
277 2154 381 2230 Eligius
401 2155 600 2212 Noviomeusis.
631 2152 809 2209 vindicianus
825 2151 874 2207 Ca-

66 2243 247 2310 meracensis,
272 2245 444 2300 audomarus
469 2243 659 2310 Tervauensis,
692 2240 876 2317 Leodegarius

67 2336 336 2411 tugrrstoduuensiS,
352 2335 419 2391 Faro
443 2335 599 2391 bieldcnsis
616 2336 692 2390 inter
707 2336 757 2390 hos
771 2335 875 2390 emica-

65 2428 112 2480 bat
135 2424 306 2490 Lambertus,
320 2440 432 2478 aureum
451 2425 528 2479 sidus
544 2424 683 2490 Ecclesiae,
707 2424 783 2479 velut
801 2423 874 2478 iuter

66 2519 145 2590 ignes
160 2518 223 2570 luna
238 2516 361 2570 minores
388 2514 498 2570 emicat.
525 2515 579 2571 ilos
595 2514 756 2570 lambertus
779 2530 871 2586 suspi-

63 2613 155 2669 ciebat
179 2616 209 2666 ut
223 2621 314 2681 patres
329 2620 355 2666 et
370 2619 435 2667 natu
458 2611 587 2680 majores,
614 2626 717 2683 eosque
738 2610 872 2667 imitando

64 2703 211 2777 asingulis
238 2719 332 2758 corum
355 2703 460 2774 alipuid
485 2703 581 2776 gratiae
601 2701 754 2757 hauriebat·
788 2702 871 2760 Porro

65 2792 104 2849 itti
132 2790 307 2847 lambertum
328 2790 546 2862 praecordialiter
572 2789 712 2858 amabant,
727 2800 756 2845 ut
785 2788 871 2845 filium

62 2889 118 2957 jam
132 2887 165 2941 dc
187 2886 253 2942 tiore
278 2887 366 2941 aetatis
380 2884 486 2940 tructus
510 2885 691 2948 emittentem,
707 2883 788 2957 cique
811 2889 873 2956 post

66 3002 108 3052 se,
123 2985 199 3056 quasi
215 3001 247 3039 ex
265 2984 437 3039 haereditaria
463 2983 649 3045 successione,
677 2981 801 3056 regimen
822 2979 872 3036 Ec·

65 3171 150 3226 Deum
167 3179 194 3226 et
217 3172 345 3228 homines
359 3169 501 3233 videbant,
526 3169 586 3224 sine
601 3168 726 3240 querela,
743 3168 771 3223 in
785 3167 873 3223 omni·

62 3265 116 3319 bus
127 3266 257 3322 incedere
271 3266 346 3335 (Luc.
363 3281 383 3332 r,
403 3263 442 3335 6),
458 3269 486 3318 et
502 3262 541 3317 ire
559 3261 585 3316 in
602 3261 663 3316 dies
678 3261 712 3317 de
726 3261 828 3317 virtute
844 3259 872 3315 iu

62 3360 200 3415 virtutem.

100 3448 181 3502 Erant
207 3453 342 3518 praeterea
368 3445 449 3501 etiam
470 3445 596 3510 abbates,
616 3450 646 3498 et
673 3450 738 3499 tuuc
753 3451 779 3499 et
799 3459 875 3500 nuuc

62 3536 252 3593 nominabiles
271 3535 428 3599 sanctitate,
444 3535 582 3600 Bertiuus,
595 3532 770 3592 Plrilihertus‚
792 3533 875 3588 Wan-

930 427 1053 483 ssverior
1070 437 1156 497 Justo,
1183 430 1330 501 quemdam
1356 428 1478 486 nobilem
1507 431 1671 488 Franmrum
1687 432 1740 490 ao-

930 518 1052 577 dilonem
1061 527 1157 576 contra
1167 520 1256 595 legem
1271 521 1339 576 caedi
1355 521 1420 578 iecit
1432 522 1466 577 ad
1480 521 1602 592 stipitem
1614 523 1739 597 ligatum,

930 610 1075 666 abeodem
1098 611 1230 666 Bodilone
1257 611 1285 666 in
1310 612 1437 667 venando
1463 621 1604 685 exceptus,
1624 614 1738 672 interiit.

928 700 1115 758 theodoricus
1130 710 1216 758 totum
1235 720 1351 778 regnum
1365 705 1472 777 recipit,
1495 707 1664 764 recrudescit
1678 724 1739 765 mo-

928 790 992 847 licia
1012 792 1133 855 Ebroini,
1150 810 1340 867 quoscumque
1368 796 1511 868 reperiunt
1527 797 1639 861 ,lavisse
1652 799 1739 871 perti-

929 885 1024 940 nacius
1037 885 1162 956 partibus
1179 886 1299 954 llildrici,
1318 888 1368 943 lros
1383 889 1575 961 pessumdunt,
1591 892 1738 961 trucidant,

931 974 1212 1044 peiranthonoribus,
1229 977 1363 1033 mulctant
1383 979 1598 1052 proscriptione,
1614 980 1739 1054 relegant

930 1065 1043 1122 exsiliis.
1184 1138 1188 1146 ,

1257 1179 1360 1237 CAPUT
1379 1181 1410 1236 x.

997 1268 1073 1335 Quod
1084 1271 1240 1338 episomam
1263 1269 1279 1323 S
1310 1271 1468 1326 camoenas
1485 1273 1610 1341 privates
1624 1275 1669 1328 att.

965 1379 1032 1445 Quia
1057 1379 1176 1437 llildrico
1203 1381 1297 1437 nullus
1324 1381 1444 1448 fidelior,
1472 1384 1514 1439 rel
1542 1386 1656 1442 amicior
1687 1387 1740 1444 iuit

929 1487 1010 1542 quarn
1031 1470 1203 1539 lambertus,
1217 1479 1305 1528 toturn
1321 1473 1431 1545 pondus
1456 1475 1642 1532 tribulationis
1655 1495 1740 1549 super

928 1575 990 1614 eum
1017 1559 1160 1624 incubuit;
1181 1561 1327 1617 ridebatur
1355 1563 1428 1618 cuim
1451 1564 1518 1618 nihil
1542 1571 1631 1620 actum
1652 1566 1736 1623 luisse

926 1659 1013 1707 morte
1038 1651 1162 1717 iiitdrici,
1191 1651 1214 1706 si
1234 1653 1347 1709 intimus
1372 1654 1482 1712 llildrici
1503 1658 1666 1715 Lambertus
1681 1661 1737 1715 im-

926 1741 1040 1813 punitus
1055 1741 1154 1810 abiret,
1177 1743 1281 1815 dequo
1296 1754 1401 1803 certum
1427 1749 1561 1806 tenebant
1576 1751 1650 1824 quod
1664 1768 1737 1808 nun-

925 1848 1006 1904 quam
1022 1832 1136 1889 factioni
1152 1834 1305 1906 iniquitatis
1320 1853 1376 1894 suar
1392 1843 1582 1899 assentiretur.

960 1925 1026 1979 ldeo
1040 1926 1156 1981 consilio
1179 1925 1301 1993 iibroini,
1319 1946 1334 1984 a
1350 1947 1414 2003 rege
1434 1933 1615 2004 Tirecdorico,
1632 1951 1733 1993 convo·

925 2021 983 2068 cata
1012 2013 1046 2068 ad
1071 2013 1207 2084 synodum
1234 2014 1427 2086 episcoporum
1453 2024 1544 2090 turba,
1567 2025 1625 2096 qui,
1655 2023 1734 2098 quasi

924 2105 1092 2167 concsmcrtt,
1109 2117 1162 2157 aon
1177 2102 1301 2156 subdunt
1321 2103 1422 2159 latrare
1437 2104 1501 2175 (lac.
1523 2121 1576 2171 cvr,
1591 2106 1647 2177 10),
1667 2123 1733 2163 cou-

925 2198 965 2246 tra
994 2191 1119 2248 falsitatis
1145 2192 1333 2248 testimonium
1360 2194 1429 2250 alios
1451 2195 1597 2267 episcopos
1623 2200 1733 2255 exordi-

925 2286 991 2336 nent
1016 2279 1058 2348 Et,
1074 2297 1109 2336 ue
1125 2282 1187 2353 quis
1207 2281 1235 2336 in
1251 2298 1337 2357 regno
1352 2284 1394 2338 rel
1422 2284 1542 2341 Ecclesia
1556 2293 1671 2344 restaret
1685 2290 1732 2361 qui

925 2384 973 2440 pro
988 2370 1110 2426 veritatis
1124 2370 1286 2427 defensioue
1307 2371 1371 2428 fidei
1398 2374 1524 2445 clypeum
1547 2376 1662 2433 auderet
1677 2379 1734 2434 eri-

849 2515 854 2527 ,
923 2477 998 2534 gere,
1020 2463 1062 2518 rel
1082 2463 1209 2534 exemplo
1237 2464 1280 2519 vel
1296 2465 1426 2522 instinctu
1446 2467 1582 2525 lamberti
1601 2470 1649 2542 qui
1677 2487 1732 2543 prae

923 2553 1031 2638 caeteris
1051 2561 1079 2609 et
1093 2570 1143 2626 pro
1165 2555 1273 2611 caetcris
1293 2556 1407 2613 liberius
1429 2558 1569 2628 injustitia
1592 2562 1731 2619 adversari

922 2641 1053 2709 audebat,
1086 2658 1183 2700 omnes
1211 2643 1315 2700 diaboti
1342 2647 1491 2718 complices
1529 2650 1675 2721 insurgunt
1702 2651 1731 2706 in

923 2733 1109 2801 lambertum,
1128 2735 1253 2791 ueritatis
1271 2738 1402 2806 amicum,
1418 2748 1446 2795 et
1471 2741 1644 2798 concinnatis
1661 2742 1733 2811 inju-

922 2826 1003 2882 stitiae
1018 2827 1185 2882 causiacum
1202 2830 1236 2883 ab
1256 2829 1416 2901 episcopatu
1434 2831 1588 2903 deponunt.

961 2922 1056 2977 Fertur
1069 2922 1241 2980 Coloniensis
1251 2925 1400 2997 episcopus
1408 2928 1582 3000 conspirasse
1594 2930 1658 2987 truie
1670 2947 1731 3002 pra-

66 3079 158 3136 clesiae
188 3089 347 3152 competere
375 3078 531 3154 gaudebant
568 3092 651 3149 quem
673 3075 777 3147 justum
809 3031 1017 3131 anteCvorum
1041 3014 1164 3083 saclmni'
1187 3017 1246 3072 κιο
1272 3016 1383 3073 invidiae
1410 3018 1518 3085 ‘lmus’
1547 3029 1575 3077 et
1599 3022 1733 3092 primm

278 3122 286 3135 ⁴
536 3119 543 3146 2

923 3103 1018 3173 populi
1031 3104 1094 3159 data
1108 3104 1236 3176 pecunia,
1254 3106 1288 3160 ad
1298 3106 1393 3161 odium
1412 3107 1548 3165 humberti
1565 3112 1732 3180 concitasse,

922 3196 969 3267 qui
983 3196 1063 3251 etiam
1079 3197 1209 3254 clericum
1230 3199 1359 3256 Ecclesiae
1375 3217 1448 3269 suae,
1462 3203 1682 3262 Pharamundum
1698 3207 1732 3262 ad

923 3285 1113 3356 episcopatum
1127 3287 1340 3354 Traiectensem,
1358 3291 1511 3359 contraius
1526 3300 1553 3348 et
1569 3292 1618 3361 iae,
1638 3311 1734 3366 passus

923 3383 964 3431 est
978 3379 1141 3447 promoveri.
1160 3380 1209 3445 Qui
1229 3379 1322 3447 miser,
1338 3381 1403 3451 quia
1418 3384 1486 3439 abiit
1505 3387 1534 3440 in
1550 3387 1663 3441 cenatio
1679 3391 1733 3444 tm·

922 3472 1033 3538 piorum
1052 3475 1084 3525 in
1098 3471 1228 3526 cutbedrc
1242 3473 1401 3540 pestilentiae
1413 3475 1481 3529 sedit
1497 3478 1580 3542 (Psoi.
1603 3494 1622 3542 r,
1645 3481 1680 3546 l),
1697 3479 1733 3536 ds

926 3579 981 3635 quo
997 3560 1064 3633 quid
1076 3559 1151 3615 aliud
1163 3560 1338 3629 poteritdici,
1352 3576 1434 3631 quam
1447 3563 1522 3633 quod
1533 3564 1638 3621 Veritas
1649 3566 1730 3623 dicit:

61 3625 226 3695 dreqisilus;
245 3624 388 3678 Ursmarus
418 3622 563 3678 Lobiousis
587 3623 614 3676 in
629 3622 748 3677 tironem
777 3619 877 3678 Christi
927 3649 1428 3719 Quiuonmmperosfiumwovile
1452 3653 1614 3718 ovium,sed
1635 3671 1730 3712 asm-

62 3717 249 3772 adolescebat.
268 3715 297 3769 iii
314 3724 392 3770 crant
405 3714 539 3817 Lamberti
555 3713 787 3816 contemporales,
803 3713 873 3770 tales
923 3740 965 3796 ,m
975 3738 1095 3803 agium
1111 3737 1157 3791 ,qe
1168 3738 1216 3804 su,
1230 3742 1269 3792 ,st
1283 3744 1306 3793 ρ,
1320 3739 1405 3804 palm
1422 3742 1470 3810 qm·
1482 3748 1570 3797 Mem
1583 3746 1673 3800 mm,
1682 3761 1733 3816 per

62 3810 214 3878 erautojus
237 3808 460 3863 contubernales.
489 3806 531 3873 llr,
560 3813 589 3861 ut
613 3805 760 3873 cherubin,
785 3806 873 3861 virtu·
922 3829 1433 3902 ostiumfflasqoreSQWmUOGR¹,
1450 3830 1476 3897 q,
1497 3833 1541 3902 ΞΒ
1558 3838 1731 3892 ΗΜΘΝ,

64 3908 120 3957 tum
140 3917 250 3955 suarum
267 3901 323 3954 alas
346 3899 552 3966 concutiebant,
568 3900 637 3956 alter
650 3898 685 3954 ad
700 3898 828 3961 alterurn,
845 3907 873 3954 et
921 3928 973 3993 up,
987 3927 1084 3980 „fsque
1096 3924 1215 3991 seretur,
1231 3927 1256 3977 et
1269 3927 1375 3989 mactet,
1391 3929 1417 3979 ct
1427 3926 1624 3995 pertinebitis
1640 3929 1696 4002 to.)

63 3996 91 4050 in
107 3994 215 4048 laudern
230 3994 287 4059 liei,
310 3993 406 4048 orbem
422 4001 498 4048 terrae
525 3991 736 4049 commovebant
763 3991 869 4060 (Erech.
1242 4048 1346 4106 CAPUT
1366 4051 1410 4107 XL

63 4103 90 4152 x,
105 4087 157 4154 ll).
183 4087 281 4142 tiorum
303 4084 409 4140 meritis
423 4085 470 4140 diu
491 4083 665 4155 tranquillata
686 4088 728 4140 est
751 4081 871 4139 Ecclesia

1017 4149 1093 4216 and
1108 4147 1256 4205 Stabulaus
1271 4150 1463 4202 monasterinm
1478 4149 1632 4218 expetierit.

63 4177 122 4239 Ilei,
137 4176 241 4247 diuque
254 4185 342 4231 status
353 4175 430 4248 regni
446 4182 625 4246 prosperatus
638 4181 690 4231 cst.

100 4265 287 4331 Postmodum,
308 4272 420 4335 propter
438 4265 533 4336 popuii
546 4271 697 4336 torporem,
718 4264 872 4321 dormiente
959 4259 1120 4316 hambertus
1133 4264 1226 4328 pastor
1239 4257 1339 4324 bonus,
1355 4256 1483 4326 exemplo
1498 4256 1616 4311 Pastoris
1630 4273 1731 4312 essen·

60 4360 127 4415 Jesu
144 4359 171 4412 in
187 4358 249 4412 navi
264 4366 365 4413 sanctae
382 4357 520 4423 Ecclesiae,
540 4373 617 4423 ecce,
641 4362 728 4413 motrts
756 4374 871 4426 mopsus
925 4354 1025 4410 cialiter
1044 4351 1121 4419 boni,
1143 4355 1254 4422 paratus
1268 4349 1335 4404 dare
1360 4348 1480 4403 animam
1501 4364 1578 4403 suam
1600 4364 1650 4417 pro
1674 4349 1733 4403 ovi-

60 4451 152 4518 scctus
166 4450 248 4503 estin
261 4451 334 4502 mori
347 4447 427 4518 buius
441 4446 535 4502 mundi
551 4448 659 4514 (diuttlr.
676 4465 734 4516 vrrr,
748 4450 804 4521 hl).
821 4448 872 4504 Fa·
924 4445 975 4499 bus
990 4442 1058 4507 suis,
1087 4455 1143 4495 non
1158 4447 1189 4494 ut
1210 4436 1397 4493 mercenarius
1424 4434 1494 4511 fugit
1522 4437 1606 4504 (toan.
1632 4452 1661 4502 x,
1686 4437 1730 4499 ll,

60 4540 116 4596 cilc
137 4547 177 4594 cst
192 4554 301 4595 causam
317 4537 384 4593 tanti
402 4544 493 4593 motus
508 4536 644 4601 ediscere.
923 4535 978 4600 le),
996 4531 1045 4587 sed
1060 4528 1210 4586 declinavit
1224 4525 1408 4598 procellosum
1422 4524 1580 4580 domesticae
1600 4539 1733 4595 persecu-

383 4625 488 4681 CAPUT
510 4625 552 4680 tx.
923 4622 1006 4679 tionis
1032 4619 1223 4693 naufragium
1251 4623 1279 4671 et
1304 4615 1456 4669 clementer
1491 4612 1583 4668 ferens
1608 4620 1730 4683 cuncta,

236 4718 469 4785 Dctatcrsectionc
483 4715 697 4784 Hildririrepis.
925 4714 1088 4788 praesulatus
1116 4710 1197 4782 liquit
1231 4714 1382 4779 sceptrum,
1409 4707 1608 4763 commendans
1637 4723 1730 4763 curam

96 4810 283 4865 Theodericus
303 4817 329 4864 et
345 4808 482 4863 ilildricus
498 4807 598 4862 iratres
611 4807 771 4879 bipartitum
792 4808 873 4865 Frau-
925 4807 1018 4863 orium
1034 4806 1059 4860 ei
1072 4804 1119 4876 qui
1136 4801 1200 4857 tavit
1214 4800 1381 4870 baptismate
1401 4814 1434 4854 ac
1449 4799 1569 4855 redemit
1583 4800 1730 4873 sanguine.

59 4900 112 4956 ciae
128 4915 241 4972 regnum
263 4899 407 4971 regebant,
435 4897 484 4952 sed
504 4896 570 4969 quia
587 4897 773 4955 Theodericus
793 4900 875 4957 hehe·
961 4899 1098 4970 Expetens
1121 4910 1187 4968 ergo
1207 4892 1354 4948 Stabulaus
1382 4892 1592 4958 monasterium,
1622 4892 1731 4964 aSigc·

58 4990 138 5046 tioris
152 4989 255 5064 ingenii
273 4995 342 5056 crat,
364 4987 500 5042 Ebroinus
521 4987 609 5056 major
632 4988 740 5056 domus,
767 4991 875 5063 simpli·
924 4995 1002 5049 berto
1018 5007 1082 5065 rege
1098 4989 1241 5045 landarum
1254 4995 1317 5042 ante
1328 4985 1434 5058 aliquot
1453 5002 1553 5053 anuos,
1568 4993 1596 5041 ct
1611 5001 1660 5056 pro
1676 4985 1732 5040 lor-

58 5086 142 5142 citatc
162 5085 221 5153 ejus
236 5084 350 5149 abusus,
370 5082 519 5138 commovit
533 5083 560 5137 in
590 5097 683 5156 regem
704 5084 767 5139 odia
788 5085 870 5141 totius
921 5077 1270 5151 voresanctaereligionis,
1300 5075 1404 5149 ubique
1424 5076 1607 5142 nominatum,
1636 5090 1733 5130 mona·

59 5177 172 5248 populi;
191 5176 284 5230 Franci
299 5175 384 5237 enim.
407 5174 525 5229 alienam
543 5174 675 5231 invidiam
697 5175 726 5231 iu
743 5176 870 5233 Theodo-
919 5173 994 5228 alicae
1008 5170 1110 5243 quietis
1127 5175 1234 5239 portum
1260 5165 1354 5240 elegit,
1376 5165 1470 5237 ibique
1486 5182 1535 5237 per
1549 5171 1656 5236 septem
1680 5179 1731 5218 an-

57 5267 146 5324 ricum
162 5273 361 5340 retorquentes,
378 5266 514 5338 dejiciunt
528 5283 590 5322 eum
604 5282 702 5342 regno,
717 5276 746 5325 et
758 5268 868 5325 tratrem
920 5281 971 5322 uos
986 5264 1139 5341 angelicam
1154 5264 1259 5320 ducens
1273 5261 1368 5329 vitam,
1380 5260 1512 5317 habitarit
1526 5275 1631 5315 secum.
1647 5258 1680 5313 itt
1695 5274 1728 5314 ea

57 5358 121 5428 ojus
143 5358 290 5414 ttildricum
316 5374 349 5414 cx
373 5358 514 5413 dustrasia
544 5353 702 5425 invitantes,
724 5373 787 5415 curn
815 5360 869 5420 sihi
922 5360 997 5416 omui
1027 5357 1222 5414 ecclesiasticae
1252 5355 1363 5411 familiae
1389 5368 1515 5416 numero,
1536 5352 1591 5407 duo
1626 5356 1732 5407 tantum

56 5462 151 5519 regem
173 5446 335 5519 praeiicinnt.
357 5450 432 5515 Quos
456 5447 586 5520 quandiul
601 5446 699 5503 habuit
721 5446 867 5519 hildricus,
920 5447 999 5519 pueri
1034 5446 1095 5515 ejus
1121 5445 1256 5517 obsequio
1283 5445 1468 5508 adheserunt,
1499 5455 1616 5514 quorum
1647 5440 1728 5509 alter,

55 5537 208 5604 moderate,
238 5543 365 5608 potenter
383 5539 494 5613 utrique
522 5555 607 5614 reguo
634 5537 745 5613 praet'uit
772 5539 822 5597 Ubi
841 5548 869 5599 et
918 5536 1240 5605 Theodoenusnomine,
1270 5536 1309 5592 illi
1329 5534 1378 5606 qui
1396 5533 1503 5605 primus
1519 5530 1632 5602 scripsit
1642 5530 1732 5588 Vitam

54 5631 117 5704 ipse
136 5629 248 5686 modum
264 5631 390 5695 excessit,
410 5631 574 5690 insolentius
590 5647 686 5709 agens,
702 5630 754 5691 dio
766 5641 869 5692 contra
917 5630 1006 5690 sancti
1026 5628 1088 5698 riri,
1105 5628 1207 5686 relator
1220 5643 1302 5684 verax
1329 5630 1357 5683 et
1372 5623 1452 5680 testis
1480 5624 1599 5682 idoneus
1614 5637 1730 5696 opernm
