3720 6014
64 226 133 280 ttae
615 222 725 279 il0lllL.
746 223 788 278 ba
805 220 934 278 viatico
955 223 1166 290 tulabttltls.
1657 243 1727 299 1126

62 355 193 421 iustitiam
223 361 250 409 et
278 354 438 410 charitatem
464 352 589 424 proximo
611 355 767 410 reddamus.
804 355 869 411 Cum
883 360 908 426 Α
923 354 979 409 bito
1008 365 1110 422 nostro,
1142 362 1212 413 sicut
1239 365 1264 414 ιι
1290 375 1338 416 not
1367 364 1531 423 dimittimus
1563 370 1728 427 debitoribus

64 445 147 516 igitur
166 444 200 498 dc
221 451 332 499 cautum
353 444 428 499 cadis
447 445 555 500 villicus
571 445 651 514 iubet
670 446 871 521 quinquaginta
921 448 1028 500 uostris.
1050 448 1158 514 (blattis.
1180 465 1217 515 vr,
1243 451 1292 517 lit.
1314 453 1412 509 Verum
1434 459 1664 535 pmdeuteregit,
1680 464 1728 534 qui

63 535 159 599 scribi,
174 536 248 607 quod
264 536 382 591 debetur
400 538 467 603 Deo,
482 537 661 595 confirmatur
680 540 794 610 scripto,
806 540 871 611 quia
922 538 1005 592 Deum
1021 541 1114 596 lacere
1130 544 1243 598 molitur
1261 544 1417 612 debitorem
1431 566 1522 619 suum,
1539 560 1568 608 ut
1583 555 1675 629 exigat
1694 556 1728 610 ab

63 643 118 681 non
134 627 287 682 dimittitur.
303 628 380 693 Quod
394 628 510 706 debetur
524 630 576 685 sibi
589 631 867 699 nonjubeturscribi,
921 643 954 682 co
974 629 1096 686 debitam
1126 634 1328 698 remissionem,
1352 640 1417 709 quia
1440 642 1557 699 remisit.
1575 645 1729 702 Prudenter

63 717 128 787 quio
152 717 307 773 dimittitur.
329 718 444 774 Dimittit
463 719 538 790 quod
559 728 706 787 suumest,
736 723 866 794 relinquit
918 719 983 791 egit,
1010 723 1076 793 quia
1094 725 1136 779 cui
1165 727 1375 786 obnoxiuserat
1396 732 1485 803 ipsum
1512 736 1565 790 sibi
1586 736 1651 793 lacit
1677 740 1729 794 ob·

62 808 135 880 quoi
152 808 199 863 llei
215 816 266 864 est.
281 809 319 863 De
338 810 391 864 hoc
408 810 481 882 quad
496 810 549 864 sibi
565 812 693 876 debetur,
708 813 788 868 venia
803 812 868 869 lacit
917 808 1039 866 noxium.
1062 812 1094 867 dt
1108 829 1192 884 quem
1215 815 1335 873 habebat
1350 818 1448 875 durum
1468 831 1637 892 exactorem,
1653 842 1728 884 nuno

62 918 206 967 securum
223 905 257 960 de
273 921 307 961 co
322 906 397 977 quod
412 907 469 963 lieo
482 907 601 964 debetur
616 910 719 980 scripto
735 909 799 965 lacit
809 909 867 965 ool-
917 897 1000 953 habet
1015 900 1090 970 pium
1103 902 1269 973 debitorem,
1281 916 1311 961 ιιι
1325 905 1489 965 fiducialiter
1499 912 1572 968 dicat
1585 935 1591 968 ;
1602 913 1724 983 llimitte,

62 991 177 1047 licitum,
195 993 272 1049 Unde
286 994 431 1066 sequitur:
917 985 983 1055 qnia
995 986 1087 1043 dimisi
1098 1007 1112 1056 ;·
1132 992 1216 1048 redde
1232 1009 1314 1064 quam
1331 995 1418 1052 debes
1438 988 1567 1067 veniam,¹
1586 1002 1651 1073 qnia
1675 1019 1727 1079 ego

97 1085 296 1152 bmitqoedti:
309 1086 409 1155 Accipe
422 1089 656 1143 cautionemtuam
674 1093 700 1143 ct
713 1090 774 1144 sade
783 1092 867 1146 eitoet
916 1079 980 1135 dedi
1010 1083 1127 1138 libiam»
1153 1086 1223 1152 Qum
1240 1088 1292 1156 filii
1319 1089 1401 1159 botos
1430 1094 1522 1147 sommi
1539 1096 1727 1163 prudentiores

61 1175 148 1229 scitae
159 1178 372 1246 qoinquoptm03
389 1194 421 1234 ao
434 1179 457 1233 si
469 1179 586 1235 dicerer:
601 1180 678 1244 Queat
689 1181 775 1237 debes
786 1182 865 1250 mihi,
915 1176 979 1227 saut
989 1174 1056 1242 tiliis
1071 1175 1139 1230 lacis
1152 1178 1182 1230 iu
1207 1182 1377 1244 permotione
1391 1197 1451 1237 scta.
1480 1183 1538 1238 Filii
1563 1184 1633 1239 lucis
1648 1185 1726 1240 labo-

62 1268 172 1325 dimitto
191 1271 257 1337 tibi;
286 1272 359 1341 quod
379 1273 466 1328 debes
479 1275 535 1329 Deo
550 1277 684 1331 cantelam
701 1292 822 1344 assume,
838 1287 866 1335 ιι
915 1273 985 1335 rant,
1002 1275 1029 1323 θῑ
1051 1270 1095 1324 Vix
1120 1279 1262 1326 metentur
1282 1276 1414 1342 pretium;
1441 1288 1555 1335 mmmm
1571 1287 1597 1335 oi
1616 1281 1661 1334 Vix
1689 1281 1724 1336 od

61 1358 108 1428 qui
124 1358 263 1430 superbus
276 1360 375 1422 stabas,
393 1362 459 1417 sede
470 1363 523 1419 0120
539 1372 566 1419 01
580 1364 736 1430 hummare,
750 1370 864 1440 “quod
915 1354 1039 1411 bravium
1056 1359 1229 1428 perveniunt,
1246 1363 1400 1431 parturiunt
1414 1373 1440 1420 ct
1456 1367 1497 1421 vix
1515 1370 1648 1424 evadunt.
1666 1369 1726 1424 Filii

62 1451 283 1521 parvipendebas
301 1454 345 1509 vel
364 1455 515 1520 oblivione,
543 1474 593 1529 pro
625 1460 710 1516 „spito
731 1462 862 1527 ducebas,
915 1447 1087 1520 saeculipost
1113 1451 1208 1507 laudes
1226 1461 1254 1507 et
1273 1453 1421 1511 illecebras
1436 1466 1464 1512 et
1490 1459 1728 1516 illicitosamores

60 1538 152 1594 scribe
166 1540 193 1593 iu
204 1540 306 1597 tabulis
316 1543 445 1600 cordis-et
459 1549 592 1603 memoria
603 1556 677 1616 tene,
694 1559 725 1608 ut
737 1551 866 1627 frequen·
914 1537 1089 1596 ⁸⁰¹¹¹¹¹¹¹¹¹⁰d⁰
1104 1541 1255 1610 ‘liminum’
1280 1552 1309 1600 at
1327 1545 1411 1602 Deum
1432 1548 1587 1605 deblfflmm
1604 1558 1723 1618 tenent;

61 1635 103 1684 ter
117 1631 234 1700 prauitas
257 1638 285 1687 ιι
298 1633 405 1704 expies,
433 1635 522 1692 donec
547 1642 573 1691 ιι
599 1638 689 1710 ipsum
711 1641 864 1700 dimittatur
916 1636 1031 1696 parcunt
1046 1639 1073 1685 et
1089 1631 1208 1700 parcitur
1217 1632 1269 1697 eis,
1284 1635 1444 1691 condonant
1463 1644 1491 1692 et
1517 1638 1645 1696 donatur.
1659 1640 1724 1697 ldeo

61 1718 122 1772 tihi,
139 1720 205 1775 Sede
224 1725 284 1788 cito,
301 1722 329 1777 id
352 1732 395 1779 ost
419 1740 454 1780 no
474 1725 585 1782 differas
609 1729 643 1784 de
658 1730 703 1785 dia
723 1733 750 1786 j„
777 1734 861 1791 diem,
877 1697 903 1765 Β
918 1723 1113 1792 prudentiores
1140 1733 1204 1781 sunt
1218 1725 1267 1781 filii
1283 1730 1377 1784 saeculi
1393 1729 1457 1785 liliis
1473 1731 1542 1787 lucis
1562 1733 1589 1787 iu
1605 1749 1725 1807 genera-

62 1814 154 1869 Scribe
177 1819 386 1887 quinquaqinta.
407 1820 542 1877 Numerus
567 1829 617 1878 rste
642 1824 814 1895 poenitentiae
842 1835 869 1883 aa
918 1813 995 1870 tione
1009 1830 1069 1882 sua,
1086 1815 1113 1870 id
1124 1825 1166 1872 est
1180 1819 1292 1889 quando
1308 1831 1507 1896 regenerantur
1517 1825 1584 1893 lteo,
1599 1834 1628 1881 et
1644 1842 1728 1882 reuo-

63 1906 235 1962 remissionis
258 1915 311 1976 est,
338 1917 368 1966 ut
387 1917 414 1965 et
443 1928 533 1969 annus
552 1915 799 1988 quinquagesimus
822 1933 867 1974 re·
918 1907 1163 1978 VilliusSllififflstli
1178 1910 1242 1966 iili·

58 1999 208 2061 missionis,
222 2009 249 2057 et
260 2004 381 2073 psalmus
392 2005 790 2082 quinquagesimuspoeuitenti
802 2011 863 2066 alis.
951 1998 986 2051 Ei
997 2012 1044 2065 090
1064 1999 1124 2054 dim
1142 2001 1228 2067 miii,
1238 2002 1405 2068 immitmbt'i
1418 2007 1517 2061 omimt
1528 2007 1561 2061 do
1570 2023 1728 2065 mammona

60 2091 264 2168 Quinquaginta
278 2094 436 2151 scribuntur
461 2103 488 2151 or
503 2097 703 2171 quinquaginta
718 2098 865 2154 dimitam.
914 2093 1079 2162 iniquitatis.
1096 2094 1260 2164 lllammoua,
1276 2096 1302 2151 id
1318 2106 1360 2153 est
1376 2099 1488 2168 divitie,
1513 2118 1575 2174 quae
1591 2103 1726 2175 iniquita·

57 2192 110 2237 tur.
129 2183 234 2239 Similis
248 2202 380 2243 uumerus
394 2187 512 2243 similem
529 2187 666 2263 siguificat
679 2187 862 2246 offensionem
914 2184 1100 2251 tisdtmmlur,
1124 2187 1189 2259 oum
1205 2188 1266 2244 Sine
1287 2189 1432 2262 iniquitate
1449 2202 1676 2265 ommittimus,
1699 2207 1727 2252 01

58 2275 86 2329 tn
100 2275 385 2335 baumetuomtnam.
403 2280 482 2336 unde
501 2280 713 2337 nominusdieu
735 2281 761 2335 in
776 2282 863 2337 aran·
916 2277 981 2348 quia
1007 2277 1131 2349 iniquum
1149 2285 1190 2334 est
1217 2296 1265 2335 eas
1293 2296 1421 2337 revocare
1450 2283 1478 2337 in
1504 2286 1630 2357 proprios
1650 2303 1726 2352 usos,

55 2363 142 2434 galia:
159 2365 259 2433 Diiiqcs
277 2369 421 2423 morinum
444 2370 528 2423 oetam
555 2375 629 2424 raom
651 2385 686 2425 ea
705 2375 758 2426 tota
786 2373 865 2427 corae
915 2383 984 2438 quas
998 2370 1102 2425 creavit
1130 2385 1293 2428 communes
1320 2373 1461 2430 [lominus.
1486 2375 1562 2430 Unde
1591 2379 1725 2449 scriptum

56 2456 113 2520 tuo,
130 2460 155 2508 et
168 2470 202 2508 ee
224 2461 280 2511 tota
293 2459 387 2512 auimo
401 2462 448 2512 tao
467 2462 539 2513 eteo
565 2463 719 2515 tetamento
733 2464 789 2515 tua.
807 2461 863 2516 liae
914 2468 970 2516 cst:
989 2462 1042 2517 Pro
1052 2465 1263 2533 iniquitateaidi
1277 2467 1391 2521 tentoria
1401 2468 1545 2536 AEtltiopiae
1557 2470 1669 2533 (liobae.
1686 2488 1726 2531 ιιι.

56 2546 95 2596 est
115 2545 234 2611 prienam
249 2549 414 2614 almannum
425 2549 591 2604 mandatam.
612 2549 763 2606 Secuttdam
775 2550 863 2605 simile
914 2551 951 2620 ll,
968 2553 995 2607 id
1016 2563 1059 2609 est
1079 2570 1128 2625 pro
1144 2555 1247 2610 divitiis
1262 2557 1407 2627 captandis
1422 2556 1478 2612 vidi
1496 2558 1622 2614 homines
1637 2561 1725 2617 iactos

57 2636 97 2685 est
128 2632 204 2688 isaie:
234 2635 335 2704 Dilipes
365 2640 520 2706 proximam
548 2643 623 2694 tuam
649 2642 719 2695 sicut
749 2643 865 2710 teipsum
915 2643 1093 2703 tabernacula
1107 2643 1270 2721 nigredinis,
1288 2649 1314 2703 id
1331 2658 1373 2704 est
1384 2650 1512 2705 vitiorum
1523 2652 1727 2721 etdaemonum,

58 2728 167 2794 (blattb.
190 2745 256 2793 xxu,
272 2729 380 2802 37-39).
402 2732 468 2787 Nam
482 2748 598 2805 quorum
613 2733 711 2788 similis
738 2743 780 2789 est
795 2734 866 2790 dile-
916 2743 946 2790 ut
966 2738 1013 2809 qui
1029 2746 1157 2809 poterant
1183 2755 1246 2795 esse
1264 2739 1441 2796 tabernacula
1456 2742 1588 2797 sectando
1606 2760 1728 2815 pauper-

60 2817 124 2883 ctio‚
139 2817 235 2874 similis
246 2825 288 2874 est
297 2818 422 2876 offensio.
438 2820 581 2893 Sequitur:
920 2829 1014 2891 tatem,
1036 2825 1099 2880 iacti
1118 2834 1182 2882 sunt
1197 2828 1315 2882 tentoria
1343 2828 1472 2884 vitiorum
1499 2845 1549 2899 pro
1580 2830 1729 2901 iniquitate

95 2914 195 2968 ιιιιιιιιι
212 2917 623 2988 aliidicitztuueroqaautum
636 2919 865 2988 debestqttioit:
919 2918 1123 2991 congreganda.
1149 2918 1214 2984 Quis
1240 2934 1294 2974 non
1320 2919 1412 2974 videat
1447 2920 1547 2976 multas
1575 2923 1727 2992 perjurium

57 3007 163 3058 cattum
177 3021 251 3060 coros
266 3008 361 3061 tritici.
385 3005 473 3062 Cadus
496 3006 663 3079 liquidarum
679 3022 807 3063 mensura
822 3004 900 3073 esti]
915 3005 1066 3075 incurrere,
1082 3009 1229 3065 homicidia
1246 3009 1347 3073 lacere,
1370 3010 1450 3066 dolos
1464 3012 1616 3068 maclrinari
1633 3021 1729 3070 contra

56 3101 84 3148 et
98 3108 181 3150 corus
201 3096 349 3152 seminum.
374 3097 459 3153 Valde
480 3098 632 3154 timendum
660 3104 703 3153 est
718 3097 799 3152 nobis
812 3097 861 3169 qui
912 3103 1063 3172 proximos,
1080 3120 1169 3160 rerum
1186 3104 1359 3175 publicarum
1374 3113 1402 3160 ct
1426 3106 1600 3162 dominorum
1624 3108 1724 3178 prodi·

54 3188 256 3259 plenitudinem
266 3192 451 3263 corporalium
464 3193 599 3248 bonorum
615 3192 862 3263 debemus‚proxi·
913 3204 988 3251 tores
1013 3212 1072 3251 esse
1095 3204 1209 3268 propter
1232 3198 1352 3252 divitias.
1375 3198 1403 3252 lli
1426 3199 1495 3253 liunt
1512 3216 1562 3269 pro
1580 3202 1729 3270 iniquitate

54 3279 259 3349 misdebemus,
276 3291 407 3339 ettamen
422 3298 478 3339 nou
498 3284 645 3350 solvimus;
667 3283 801 3339 debemus
816 3289 861 3339 to·
912 3288 1029 3340 tentorio
1041 3287 1194 3355 AEtbinpioe.
1211 3286 1277 3347 Sed,
1295 3302 1356 3341 cum
1380 3287 1489 3342 villicus
1504 3288 1601 3344 fecerit
1624 3289 1729 3345 amicos

54 3380 124 3438 tum,
148 3381 176 3428 ct
204 3373 248 3428 vix
264 3375 396 3430 solvimus
410 3391 516 3445 pamm.
534 3375 603 3439 Quid
618 3390 685 3449 ergo
700 3374 832 3429 iaciemus
849 3374 863 3428 ι
913 3373 1052 3442 superius,
1072 3384 1100 3429 et
1118 3375 1152 3429 de
1167 3374 1359 3445 spiritualibus
1374 3377 1448 3430 etde
1463 3377 1666 3447 corporalibus,
1679 3394 1729 3433 cur

53 3464 148 3521 Sinon
165 3483 310 3538 possumus
324 3470 432 3526 solvere
448 3476 534 3526 totum
550 3469 623 3541 quod
638 3469 784 3535 debemus,
801 3468 863 3524 aliis
914 3465 1197 3520 Dominusooncludil
1211 3463 1293 3520 finem
1307 3466 1444 3534 potabolae
1458 3482 1516 3521 811ae
1529 3467 1564 3520 do
1579 3466 1646 3521 solii
1667 3482 1727 3522 oot-

56 3557 229 3616 dimittamus
241 3560 336 3616 „pem
352 3563 427 3635 quod
440 3563 556 3618 debetur
567 3561 658 3617 nobis,
674 3560 752 3616 Unde
767 3561 864 3634 sequi.
913 3551 1066 3623 paralibus.
1086 3551 1170 3607 Citius
1185 3552 1353 3608 dimittimus
1369 3554 1496 3622 iujuriam
1526 3554 1625 3610 lectam
1641 3571 1727 3627 quam

54 3653 117 3704 tur:
138 3652 179 3705 ait
192 3651 250 3706 illi:
266 3652 365 3721 Accipe
378 3653 483 3708 litteras
499 3657 569 3718 tuas,
581 3656 605 3708 ιι
616 3652 703 3708 scribe
716 3653 861 3720 octoainta.
914 3647 1051 3717 praestitas
1066 3647 1213 3717 pecuniosi
1233 3646 1341 3703 facilius
1356 3648 1454 3704 domus
1467 3648 1550 3705 fidem
1566 3666 1648 3722 mmm
1662 3666 1729 3722 1³08·

56 3738 106 3803 Qui
126 3740 201 3795 enim
216 3741 250 3795 de
264 3747 373 3796 centum
388 3741 483 3797 scribit
493 3741 644 3817 octogiuta,
662 3740 787 3813 quintam
798 3755 862 3811 par·
913 3736 1084 3802 sessionem
1102 3737 1246 3807 proniores
1274 3752 1370 3792 sumus
1396 3737 1539 3793 dimittere
1564 3739 1629 3794 odia
1646 3755 1727 3812 quam

54 3836 109 3884 tem
136 3830 259 3898 dimittit,
285 3831 350 3903 quia
378 3830 412 3886 de
439 3831 631 3903 corporalibus
665 3832 717 3887 hoc
745 3830 864 3886 debetur
913 3827 1072 3897 expendere
1099 3833 1202 3882 nostra.
1221 3826 1285 3882 ldeo
1301 3826 1445 3896 Dominus,
1468 3828 1627 3898 parabolice
1647 3830 1729 3886 nobis

57 3921 266 3994 proximoquod
277 3923 400 3995 quinque
412 3923 538 3995 eorporis
551 3939 651 3979 sensus
665 3922 795 3997 exiguum
812 3923 864 3979 hoo
914 3914 949 3969 ad
961 3913 1177 3969 misericordiam
1198 3914 1351 3983 instructis,
1374 3915 1403 3969 iu
1426 3930 1459 3970 ea
1475 3923 1552 3988 parte
1572 3917 1729 3974 misericor-

57 4013 161 4086 scripto
171 4016 466 4090 commendaturquod
480 4017 581 4073 divinae
591 4017 685 4089 gratim
695 4023 869 4087 peractoua·
918 4004 971 4060 diae
986 4002 1127 4059 00ss⁰¹¹1dil
1142 4017 1299 4059 Sism⁰¹¹⁰¹¹¹
1322 4019 1404 4076 (luam
1417 4003 1494 4060 ¹¹⁰Vst
1509 4007 1582 4077 apud
1601 4006 1729 4063 h⁰¹¹¹l¹¹⁰⁸

58 4105 128 4159 rium
144 4105 320 4177 relinquitur,
342 4106 467 4176 papuqsp
481 4122 587 4175 meum,
603 4106 742 4162 abstulisti
760 4106 867 4177 psaesq.
918 4095 1123 4163 dildciliorem3
1139 4103 1167 4151 et
1180 4096 1215 4152 ad
1225 4112 1286 4153 eam
1302 4110 1353 4152 nos
1367 4095 1476 4152 enixius
1492 4098 1617 4152 hortatur
1631 4098 1658 4152 in
1672 4097 1727 4154 line

59 4202 128 4260 tum,
144 4193 252 4268 negasti
274 4195 505 4250 commendatum.
523 4193 550 4249 Si
579 4194 687 4251 dimitto
713 4192 764 4249 tibi
792 4191 868 4263 quod
918 4186 1046 4259 adquam
1061 4188 1138 4244 videt
1152 4203 1203 4244 uos
1222 4187 1364 4244 diflicilius
1380 4188 1525 4254 inclinari,
1551 4189 1615 4260 quia
1633 4190 1729 4245 metior

60 4298 121 4336 mea
142 4281 492 4351 relert,soribeootoaiata,
514 4282 542 4337 id
571 4280 790 4338 cstcommenda
808 4294 868 4334 me·
917 4281 1034 4349 estttnis
1053 4281 1184 4335 orationis
1205 4294 1288 4350 qaam
1302 4280 1471 4352 principiam
1487 4279 1596 4350 (sous.
1622 4296 1668 4346 vu,
1691 4280 1728 4350 9).

60 4376 153 4431 mariae
175 4375 248 4447 quod
273 4376 364 4431 adhuc
385 4391 451 4448 eges
478 4375 559 4431 venia
582 4374 683 4428 divinae
704 4371 815 4448 gratiam
844 4370 867 4426 si
883 4360 1060 4427 Diaciamus
1074 4386 1140 4445 ergo
1168 4369 1323 4426 dedititiis
1343 4370 1496 4441 iniquitatis
1523 4370 1638 4436 amieos,
1659 4386 1727 4440 pau·

58 4463 171 4535 quidem
187 4463 327 4536 Evangelii
341 4463 428 4538 gratia
439 4460 611 4538 significatur
621 4476 671 4532 per
681 4459 865 4524 octonarium,
917 4463 1032 4535 peribus
1051 4479 1098 4519 eas
1114 4462 1319 4529 distribuendo,
1335 4469 1363 4517 et
1387 4459 1563 4517 debitoribus
1578 4469 1605 4518 et
1620 4462 1662 4517 bis
1681 4462 1732 4535 qui

56 4556 128 4612 sicut
141 4557 287 4612 austeritas
305 4555 384 4633 legis,
400 4571 450 4626 per
464 4553 664 4626 septenarium.
678 4552 732 4608 Sed
744 4559 868 4608 meretur
917 4575 965 4615 aas
992 4558 1167 4615 abstulerunt
1191 4554 1366 4611 dimittendo.
1395 4554 1460 4622 Sed,
1486 4554 1552 4625 quia
1574 4554 1734 4627 iniquitatis

55 4649 192 4705 octonarii
219 4648 334 4720 gratiam
369 4649 417 4720 qui
449 4653 588 4719 praecepta
621 4644 768 4709 custodit,
804 4659 866 4716 quae
917 4650 1021 4708 divitia
1039 4651 1101 4706 aliae
1116 4647 1295 4721 possidentur
1311 4654 1427 4718 paterna
1452 4646 1643 4714 successione,
1669 4647 1731 4704 alite
1811 4726 1814 4733 ,

56 4738 248 4811 significantur
262 4756 312 4812 per
323 4740 431 4804 aecem,
444 4748 473 4794 ut
489 4754 539 4810 per
553 4736 727 4794 octonariam
739 4735 866 4806 junctum
915 4739 989 4809 justo
1004 4737 1207 4809 conquiruntur
1222 4735 1328 4802 labore,
1349 4735 1410 4790 alia
1434 4742 1604 4808 usurpantur
1616 4751 1650 4792 ex
1664 4751 1727 4793 soe·

57 4830 183 4899 denario,
198 4832 314 4906 gratiam
335 4831 474 4904 illigamus
490 4829 652 4902 acquisitam
672 4836 823 4899 praecepto,
838 4834 869 4882 ut
918 4826 974 4882 lere
986 4825 1028 4881 vel
1044 4824 1199 4896 impietate,
1220 4823 1267 4879 Dei
1283 4831 1357 4879 certe
1372 4823 1453 4879 amici
1465 4840 1520 4879 non
1532 4823 1612 4890 liunt,
1635 4825 1682 4897 qui
1698 4825 1733 4880 de

59 4922 106 4993 qui
119 4923 215 4978 scribit
238 4924 378 4998 octoginta
398 4940 447 4995 per
466 4923 596 4996 llecalogi
615 4921 781 4986 custodiam,
801 4935 866 4991 per·
917 4915 1021 4971 scelere
1034 4913 1364 4986 velimpietateveniuut.
1381 4913 1436 4969 Nec
1451 4920 1528 4985 putet
1541 4915 1687 4985 quisquam
1700 4927 1733 4967 ex

58 5014 152 5068 veniat
160 5015 193 5069 ad
211 5016 345 5072 octonarii
359 5016 487 5090 gratiam.
918 5007 960 5062 bis
974 5006 1113 5078 adjutores
1127 5021 1254 5078 querere
1270 5004 1367 5061 salutis
1380 5021 1450 5077 quas
1464 5005 1648 5061 mercimonio
1664 5018 1728 5059 cor·

95 5103 867 5176 Ettoudauitdominasvillicamiuiquitatisqaiapraden-
916 5102 983 5157 rasit
1003 5100 1168 5172 iniquitatis.
1190 5099 1385 5171 scriptumest
1404 5100 1494 5156 enim:
1516 5101 1619 5156 Hostia
1635 5101 1734 5167 impio-

57 5201 98 5252 ter
110 5200 226 5266 fecisset.
241 5199 307 5256 llira
320 5215 379 5268 res,
396 5200 486 5256 malus
501 5206 543 5256 est
557 5198 665 5255 villicus
675 5205 704 5253 et
716 5197 864 5262 laudatur;
914 5213 978 5253 rum
992 5197 1186 5252 abominabiles
1202 5194 1297 5266 (Proo.
1313 5211 1343 5262 u,
1357 5195 1394 5266 ι),
1422 5195 1488 5267 quia
1518 5193 1673 5251 offeruntur
1696 5209 1729 5248 ex

58 5292 129 5349 male
145 5294 315 5365 dispensavit
329 5303 356 5352 et
376 5295 517 5367 parcitur;
548 5309 602 5350 non
618 5291 777 5348 emendavit
791 5290 866 5363 quod
915 5290 1034 5356 scelere;
1047 5296 1091 5346 et:
1107 5289 1275 5345 immolantis
1293 5305 1327 5345 cc
1343 5290 1449 5360 iniquo,
1464 5290 1565 5346 oblatio
1578 5298 1615 5346 est
1630 5304 1727 5344 macu-

57 5383 132 5452 lecit,
158 5393 185 5441 ct
201 5385 371 5462 indulgetur.
396 5387 494 5442 Verum
524 5384 676 5456 prudenter
703 5383 773 5458 egit,
800 5382 866 5455 quia
918 5386 976 5441 leta
1003 5385 1098 5456 (dccli.
1122 5400 1214 5449 xxxxv,
1229 5383 1292 5455 ill:
1317 5392 1366 5439 et:
1395 5383 1448 5450 Qui
1466 5384 1545 5453 offert
1566 5385 1731 5454 sordicium

55 5475 162 5531 dimisit
174 5491 271 5548 pauca,
293 5483 323 5533 ut
337 5477 474 5548 reciperet
488 5478 587 5549 plura;
604 5473 711 5530 dimisit
726 5482 869 5544 tempora·
918 5494 952 5534 eo
966 5477 1124 5532 substantia
1137 5479 1276 5547 pauperis,
1292 5478 1372 5547 quasi
1386 5479 1436 5546 qui
1453 5479 1577 5532 victimat
1594 5479 1682 5548 tiliam
1704 5479 1733 5533 ιιι

54 5567 103 5634 lia,
129 5577 159 5622 ut
186 5574 289 5625 aeterna
307 5567 453 5641 pereipiat.
473 5567 604 5624 Audierat
623 5566 717 5623 enim:
734 5566 870 5620 vindmia
918 5570 1060 5637 conspeetu
1073 5567 1166 5636 patris
1192 5565 1285 5636 libid,
1312 5564 1368 5636 tt).
1397 5564 1463 5622 Cum
1485 5581 1550 5641 erqo
1575 5566 1735 5639 praecipitur

56 5661 82 5712 ιι
94 5656 248 5716 dimittetur
259 5659 334 5716 uobis
349 5657 427 5732 (baa.
445 5674 483 5728 ιι,
495 5656 549 5731 at),
570 5664 598 5714 ιι
617 5646 870 5714 dimitte'nobisde·
919 5653 979 5712 ilari
996 5653 1100 5726 amicos
1114 5653 1150 5710 de
1165 5667 1324 5712 mammona
1337 5652 1503 5728 iniquitatis,
1517 5653 1732 5714 discernendam
