3720 6014
93 113 148 169 aas
565 111 743 169 chuonrat.
766 141 796 153 -
819 110 1036 170 castrodumo
1055 97 1297 177 inuiolatum.
1709 105 1762 162 aas

92 243 242 306 atrumque
269 232 321 289 luit
349 239 508 306 temperata.
537 234 693 304 lanuarias,
726 235 901 304 Februarius,
915 242 940 310 Α
952 235 1005 290 bus
1017 232 1219 306 campanilibus
1227 247 1290 288 cum
1306 231 1436 288 undecim
1449 229 1592 303 campania
1610 229 1762 287 studiosius

91 325 215 392 llartius,
231 325 331 396 Aprilis
343 332 371 380 et
385 324 472 381 Maius
487 326 601 399 gratiosi
618 327 695 384 luere
710 336 738 385 et
751 328 899 385 naturales.
952 327 1094 402 insignivit
1115 327 1155 395 (A.
1176 324 1293 396 aquic).
1309 325 1425 395 Insuper
1452 322 1555 379 multos
1577 320 1703 379 redditus
1716 336 1762 378 ac-

91 417 234 472 llediante
257 405 353 471 mertse'
369 416 476 485 Martio,
493 413 658 475 Octavianus
673 421 831 486 cardinalis,
861 436 902 476 ar·
952 417 1074 491 quisivit.
1109 417 1163 474 lloc
1187 416 1269 471 etiam
1297 430 1370 470 anno
1387 413 1639 485 Constantinopolis
1664 413 1762 470 civitas

91 504 277 576 chiepiscopi,
290 504 427 577 episcopi,
439 506 636 580 cumPhilippo
647 525 711 584 rege
726 510 902 576 Francorum,
953 519 1033 583 capta
1057 519 1129 566 esta
1153 510 1251 566 comite
1277 508 1411 564 balduino
1430 507 1543 563 domiuo
1561 506 1720 562 Flandrensi
1734 513 1762 563 et

93 599 123 652 in
141 596 210 653 urbe
226 595 401 663 Suessonica,
422 613 484 652 cum
501 598 648 655 innumera
661 602 727 657 cleri
755 609 781 657 et
806 602 901 674 pepuli
953 603 1115 668 llainoensi;
1132 603 1161 658 in
1177 619 1231 674 qua
1259 600 1369 656 civitate
1400 614 1449 670 per
1464 599 1511 655 liei
1526 599 1644 673 gratiam
1657 598 1762 655 electus

93 685 272 741 multitudine
286 685 466 749 conveniunt,
482 687 558 741 utde
575 689 647 761 regis
663 696 690 743 et
704 689 798 764 regine
813 690 906 746 divor&
953 704 981 750 et
1008 701 1185 752 consectatus
1214 699 1256 750 est
1282 692 1433 765 imperator
1456 699 1483 746 et
1499 697 1633 765 augustus
1662 691 1761 746 Roma·

94 779 295 835 tiocertumet
314 777 419 847 justum
446 778 693 846 iuxtalnnocentii
714 797 783 852 papo
812 797 903 852 prece·
953 800 1066 839 norum.

91 876 171 941 ptum
186 868 323 940 agitarent
334 867 480 936 iudicium.
507 868 561 924 Sed
581 870 797 941 qniaJoltannes
810 873 903 928 cardi·
990 877 1067 931 1208.
1084 877 1138 933 Hoc
1157 876 1393 933 artnoWillelmus
1408 882 1504 932 nnsteo
1517 873 1604 929 abbas
1620 874 1691 939 ll¹1⁸,
1712 873 1762 928 ab·

90 962 163 1018 nalis
185 961 278 1017 Sancti
296 961 382 1030 Pauli,
399 964 552 1019 monachus
574 965 661 1020 nostri
691 966 807 1032 ordinis,
832 982 903 1023 uon·
953 965 1003 1020 bas
1016 966 1107 1021 Sancti
1129 966 1244 1020 rimandi
1270 964 1405 1031 ellicitnr;
1432 964 1476 1019 cni
1492 962 1628 1019 successit
1643 962 1762 1018 domitus

89 1055 155 1110 dum
166 1054 326 1119 advenerat,
343 1053 386 1109 cui
409 1055 459 1110 hec
474 1070 557 1110 cansa
571 1057 605 1110 ab
630 1057 783 1127 apostolico
800 1058 902 1129 princi·
953 1057 1055 1128 Symou
1071 1056 1157 1112 abbas
1171 1057 1246 1123 ppos,
1257 1057 1293 1110 de
1308 1071 1362 1128 quo
1375 1072 1457 1126 supra
1470 1055 1599 1110 diximus.

90 1147 190 1219 paliter
217 1146 364 1202 commissa
400 1145 499 1212 luerat,
542 1129 711 1221 colloquium
752 1151 903 1221 protelatur
990 1146 1067 1201 tutu.
1095 1145 1256 1200 Fernandus
1282 1143 1479 1220 dePortugalli
1509 1142 1759 1214 accepitlolrattam

90 1254 180 1311 usque
193 1237 227 1292 ad
236 1238 383 1293 adveutum
396 1239 466 1307 ojus.
483 1238 534 1303 Qui
550 1239 703 1296 adveniens
715 1258 810 1300 mense
822 1242 901 1308 llaio,
953 1239 1120 1294 comitissam
1137 1240 1332 1295 Flandrensem
1349 1245 1377 1294 et
1392 1238 1598 1294 llaiuoiensem.

91 1348 155 1388 cum
176 1330 321 1405 magnoin
349 1330 472 1401 predicta
500 1331 692 1388 Suessioneusi
715 1334 900 1408 urbearege,
987 1332 1056 1386 tuto
1088 1332 1143 1386 lloc
1173 1346 1246 1387 anno
1272 1331 1345 1401 cepit
1374 1328 1502 1386 edificare
1522 1329 1640 1385 domnus
1658 1327 1761 1400 Symon

90 1419 312 1490 archiepiscopis
338 1427 366 1474 et
380 1420 532 1491 episcopis,
548 1420 576 1474 in
597 1420 714 1477 ecclesia
743 1429 900 1479 sanctorum
951 1425 1037 1481 abbas
1063 1426 1124 1480 qpus
1144 1426 1304 1481 claustrum.
1335 1424 1443 1479 Grande
1471 1423 1575 1479 bcllum
1611 1421 1663 1476 luit
1690 1421 1763 1476 inter

90 1516 242 1579 martyrum
263 1506 383 1562 Gervasii
406 1513 435 1562 et
456 1507 601 1577 Prothasii,
626 1510 761 1581 excipitur
786 1512 903 1585 gaudi03
956 1516 1110 1588 Philippum
1131 1533 1225 1591 regem
1243 1517 1405 1572 Francorum
1422 1522 1450 1571 et
1472 1531 1538 1570 suos
1559 1530 1591 1569 ex
1606 1529 1661 1568 una
1671 1521 1760 1584 parte,

90 1601 136 1657 cui
153 1600 247 1657 oblata
262 1609 480 1656 suutmuneraa
500 1618 575 1678 rege,
590 1609 632 1658 set
645 1603 691 1659 ille
704 1606 795 1674 justus
806 1622 905 1661 manus
917 1599 942 1668 B
954 1613 981 1661 et
997 1607 1169 1662 Fernandum
1185 1614 1212 1662 et
1236 1607 1418 1662 Flandrenses
1445 1613 1472 1661 et
1485 1605 1620 1661 Othonem
1642 1604 1762 1675 impera·

88 1708 156 1746 suas
170 1691 290 1747 excussit
313 1691 348 1747 ab
362 1692 423 1762 ejus
439 1708 563 1748 munere.
586 1694 623 1748 lld
652 1694 820 1767 colloquium
834 1713 901 1752 con·
951 1702 1039 1750 torem
1052 1696 1212 1751 Alemannie
1226 1710 1260 1750 ex
1278 1695 1342 1763 alia,
1356 1696 1429 1766 apud
1446 1702 1556 1766 pontem
1573 1693 1737 1750 bovinarum
1752 1710 1760 1760 ;

86 1782 216 1838 veniunt.
233 1783 287 1837 llex
307 1783 424 1838 vallatus
438 1792 464 1838 et
479 1794 599 1840 armatus
611 1786 788 1841 multitudine
817 1789 901 1844 advo·
951 1786 1000 1841 sed
1013 1787 1106 1842 Franci
1121 1787 1263 1842 victoriam
1279 1787 1437 1842 imbuerunt
1452 1787 1513 1858 (aas.
1538 1787 1607 1841 till
1626 1788 1681 1840 tul.
1702 1786 1759 1854 27).

90 1878 229 1937 catorum,
244 1871 291 1943 qui
307 1886 417 1927 causam
428 1888 506 1927 suam
518 1888 568 1944 pro
582 1872 714 1930 suovelle
729 1886 900 1946 perorarent,
952 1876 1008 1942 Qua
1036 1875 1103 1942 visa,
1120 1875 1188 1930 Otho
1208 1891 1270 1930 cum
1295 1875 1461 1947 quibusdam
1490 1875 1524 1930 de
1550 1875 1609 1930 suis
1622 1874 1736 1930 recessit
1750 1893 1759 1941 ,·

87 1963 226 2030 arcessit;
241 1970 337 2038 regtna
356 1979 422 2018 vero
434 1964 503 2030 sola,
520 1967 588 2034 proh
609 1964 703 2021 dolor!
722 1967 827 2022 nullum
837 1985 901 2039 pre·
951 1967 1112 2023 Fernandus
1124 1973 1215 2023 autem
1231 1973 1259 2021 et
1274 1966 1425 2020 llainnldas
1447 1981 1539 2020 comes
1562 1964 1685 2030 bolonie,
1711 1965 1759 2035 qui

88 2062 133 2108 ter
144 2053 229 2108 [teum
246 2052 353 2108 habens
368 2053 529 2109 advocatum
542 2055 628 2110 veuit.
645 2055 767 2128 Cumque
783 2057 811 2112 in
826 2063 901 2114 tanta
951 2074 1013 2116 cum
1028 2074 1062 2115 eo
1077 2066 1147 2125 crat,
1163 2065 1191 2114 et
1205 2058 1359 2113 Wiloltinus
1385 2073 1478 2113 comes
1507 2055 1661 2122 llollandie,
1685 2057 1758 2127 capti

89 2146 268 2202 multitudine
281 2147 374 2202 nullus
387 2156 470 2212 esset,
486 2149 533 2220 qui
550 2164 600 2220 pro
620 2165 662 2216 es,
679 2158 754 2206 metu
770 2153 853 2227 regis,
867 2153 900 2209 li·
951 2152 1063 2208 luerunt
1087 2152 1191 2223 inipso
1221 2151 1318 2222 prelio.
1335 2151 1387 2205 Sed
1403 2148 1578 2220 postmodum
1597 2147 1759 2203 Fernaudus

91 2237 204 2311 tigaret,
227 2237 340 2310 quidam
369 2238 480 2313 ignotus
501 2255 605 2312 pauper
630 2240 748 2296 clericus
771 2244 899 2311 emedio
952 2259 1001 2312 per
1015 2242 1149 2297 illustram
1164 2242 1198 2276 ‘⁶²
1217 2256 1327 2297 uxorem
1348 2256 1426 2296 suam
1445 2239 1612 2302 iohannem,
1634 2237 1758 2293 comitis-

88 2325 346 2400 surgens,lioentia
373 2326 447 2400 regis
468 2332 495 2382 et
513 2327 706 2396 cardinalium,
728 2344 837 2385 eausam
857 2347 901 2387 re·
950 2346 1008 2384 sam
1039 2329 1198 2394 Flandrie,a
1225 2329 1352 2399 captione
1386 2327 1461 2400 regis
1487 2326 1655 2380 Francorum
1695 2338 1760 2393 pre-

87 2414 156 2489 gine
184 2412 221 2467 ita
250 2413 448 2469 litteratissime
463 2414 628 2482 dilucitavit,
657 2423 686 2471 ut
712 2416 763 2489 ipsi
798 2418 901 2490 regist
943 2421 993 2476 -cio
1009 2436 1065 2475 non
1078 2421 1188 2476 modico
1203 2429 1245 2474 est
1261 2419 1429 2488 redemptus.
1441 2416 1539 2472 Comes
1558 2431 1623 2471 vcro
1648 2413 1760 2469 bolonie

87 2504 280 2561 cardinalibus
295 2505 481 2578 omnibusque
509 2507 648 2579 episcopis
673 2507 751 2564 steret
776 2510 899 2566 admira·
950 2509 978 2563 in
1004 2509 1123 2580 quodam
1153 2515 1241 2563 castro
1265 2507 1317 2562 sito
1345 2506 1372 2560 itt
1396 2506 1534 2576 Sequana,
1556 2503 1631 2574 quod
1661 2502 1762 2557 dicitur

88 2597 170 2653 lieni.
183 2597 233 2663 Qui
248 2606 309 2668 post
323 2614 374 2653 nec
388 2605 452 2653 aute
479 2599 507 2653 in
532 2600 630 2655 cadem
656 2599 767 2656 civitate
787 2617 802 2655 a
822 2602 897 2659 nullo
950 2601 1058 2665 Goulet,
1074 2600 1126 2655 sub
1141 2600 1268 2655 Vernone
1284 2599 1328 2664 ⁸⁸³,
1348 2597 1487 2669 expiravit
1502 2597 1585 2663 (tter.

88 2685 389 2742 diciturvisusluisse.
406 2686 462 2741 Rex
482 2701 547 2743 vero
564 2695 898 2760 nonexpectatosccun·
985 2689 1063 2745 teto.
1092 2689 1257 2754 Ludovicua,
1297 2685 1499 2759 primogentius
1539 2683 1657 2754 Philippi
1688 2683 1760 2758 regis

89 2783 157 2839 dum
175 2783 287 2839 decreta
305 2790 462 2840 sanctorum
483 2784 593 2840 patrum
611 2785 801 2841 ecclesiastico
819 2785 899 2854 judi.
949 2779 1072 2847 Francie,
1099 2780 1223 2854 Angliam
1248 2779 1368 2843 intravit,
1394 2775 1513 2849 quedam
1539 2775 1652 2831 castella
1668 2774 1759 2845 tepitr
1808 2840 1811 2847 Ι

88 2873 145 2936 cio,
162 2873 276 2928 recessit
295 2887 310 2927 s
332 2872 483 2945 colloquio.
503 2873 662 2930 Cardinales
674 2875 757 2930 etiam
784 2883 812 2933 ot
837 2875 899 2946 epi·
948 2873 998 2927 sed
1014 2889 1088 2929 anuo
1102 2873 1230 2945 sequenti
1247 2888 1296 2944 per
1310 2879 1469 2944 preceptum
1481 2868 1573 2925 domui
1589 2867 1759 2938 papeilouo-

87 2963 167 3034 scopi
183 2963 285 3019 reversi
297 2972 362 3021 sunt
376 2965 410 3020 ad
425 2966 546 3037 propria,
564 2982 645 3022 cansa
666 2967 788 3023 nondum
805 2968 897 3022 tormi-
914 2921 982 3015 Ctil
996 2962 1079 3017 rediit
1096 2963 1123 3016 iu
1141 2952 1294 3018 Franciam.

90 3056 217 3111 natalll.
988 3050 1065 3106 teta.
1095 3050 1220 3105 llonaclti
1251 3050 1482 3121 aquicinctenses
1514 3048 1685 3101 intraverunt
1710 3061 1760 3101 uo-

126 3145 169 3211 (A.
188 3147 294 3216 Aquis.)
324 3144 530 3201 Obiitdomnus
556 3148 669 3218 spissari,
700 3154 792 3203 noster
815 3148 899 3203 abbas
948 3141 1154 3203 vumchorum,
1177 3149 1306 3211 presente
1327 3137 1478 3194 venerabili
1498 3137 1630 3208 episcopo
1650 3135 1759 3190 Ambia-

86 3238 146 3303 902,
158 3236 202 3291 cui
223 3236 359 3292 successit
373 3238 492 3293 domnus
509 3238 592 3293 Adam
607 3239 742 3294 dacianus.
951 3232 1031 3287 ncnsi
1052 3232 1200 3298 Everardo,
1217 3233 1245 3287 in
1265 3232 1359 3303 vigilia
1373 3232 1471 3285 natalis
1488 3229 1605 3285 Domini.

125 3330 204 3386 ηοξ),
220 3330 344 3387 monach}
361 3332 449 3402 primo
477 3333 647 3388 intraverunt
664 3333 691 3387 1„
711 3349 837 3408 magnam
853 3349 897 3388 ρ).
986 3321 1056 3376 tete
1082 3321 1217 3376 llonorius
1232 3336 1303 3392 papa
1322 3320 1355 3373 lll
1372 3318 1510 3374 concessit
1526 3319 1628 3373 domno
1648 3317 1760 3387 Symoni

87 3423 213 3490 deppam,
229 3423 412 3479 dominicam
428 3424 526 3496 palmi,
950 3408 1043 3463 abbati
1068 3409 1272 3480 ltquicinctensi
1297 3407 1463 3462 duodecimo
1491 3413 1519 3460 et
1545 3405 1759 3461 successoribus

128 3508 207 3565 1204,
233 3510 353 3566 [tompus
380 3511 779 3579 Adgm‚n0319f10usabbas‚
813 3512 898 3577 obtin
950 3504 1010 3572 eius
1025 3520 1103 3558 usum
1117 3503 1196 3558 mitre
1211 3509 1238 3558 ct
1249 3501 1410 3568 anuli,cum
1425 3501 1591 3574 quibusdam
1607 3499 1760 3573 privilegiis

87 3599 134 3655 eui
149 3598 284 3654 successit
303 3599 422 3655 domnus
446 3601 600 3656 willelmus
626 3601 698 3665 tlte,
726 3601 899 3672 postmodum
950 3594 1183 3667 etindnlgomiis.

88 3687 179 3742 abbas
198 3686 291 3743 Sancti
305 3688 436 3756 dmaudi3
461 3697 489 3745 et
508 3690 621 3746 Romam
637 3690 777 3762 protectus
791 3699 819 3746 et
834 3690 899 3746 inde
987 3683 1065 3740 1722.
1094 3684 1149 3739 lloc
1169 3698 1242 3739 anno
1258 3686 1332 3754 jacta
1353 3689 1417 3738 snrtt
1432 3681 1614 3737 fundamenta
1639 3678 1759 3736 ecclesie

88 3779 215 3848 rediens,
242 3779 330 3836 lactus
352 3787 394 3837 est
414 3783 567 3838 monachus
596 3782 815 3838 Clarerallensis.
837 3783 900 3852 Ipso
951 3780 1030 3836 beate
1044 3778 1127 3835 llarie
1139 3777 1242 3834 attat.
1259 3778 1331 3844 llaii,
1346 3776 1414 3834 teria
1427 3777 1455 3854 ².-

92 3877 186 3926 antem
202 3869 273 3927 lacto
288 3871 387 3928 abbate
402 3873 496 3928 Sancti
515 3874 641 3937 rimandi,
663 3874 782 3930 domnus
798 3874 901 3946 Symon
986 3869 1066 3924 lm.
1089 3867 1231 3940 Philippus
1256 3867 1368 3924 inclitus
1392 3882 1437 3921 rex
1463 3865 1575 3922 Francie
1599 3864 1683 3930 obiit;
1717 3862 1761 3918 cui

92 3958 181 4014 abbas
193 3959 255 4014 12¹¹·
268 3959 295 4014 ei
311 3961 459 4027 successit3
481 3962 527 4033 qui
544 3962 572 4015 in
590 3969 715 4033 tempore
737 3977 788 4018 suo
801 3962 902 4017 multas
951 3960 1074 4016 successi
1088 3960 1288 4035 primogenitus
1303 3959 1363 4028 eius
1379 3959 1542 4015 ludovicus.

91 4055 202 4105 veteres
220 4048 345 4105 cilicinas
361 4052 516 4121 prostravit,
545 4059 573 4106 ct
600 4065 685 4107 novas
711 4049 903 4106 edillcationes
988 4052 1067 4108 lull.
1091 4052 1145 4108 lloc
1166 4067 1239 4108 anno
1267 4052 1294 4106 in
1324 4048 1629 4125 quadragesimavenit
1647 4047 1760 4120 quidam

92 4142 195 4197 multas
209 4142 371 4208 coustmxit,
382 4143 502 4198 etetiam
514 4143 596 4199 sedes
612 4143 640 4198 iu
657 4144 743 4200 choro
757 4148 901 4213 sumptuo-
953 4142 1075 4217 ignotus,
1090 4151 1117 4197 et
1142 4149 1280 4213 tamquam
1298 4139 1434 4195 heremita
1464 4137 1598 4193 habitavit
1617 4136 1645 4189 in
1661 4134 1762 4190 foresta

91 4249 138 4288 sas
153 4239 180 4288 et
194 4233 345 4290 laudabiles
359 4242 386 4290 et
399 4235 537 4291 honestas.
555 4235 696 4292 Edilicavit
713 4236 796 4290 etiam
810 4234 903 4305 capel·
953 4230 988 4284 de
1004 4229 1144 4284 Glauchon
1157 4229 1234 4300 iuxta
1249 4227 1399 4301 llortaigue
1423 4226 1516 4297 (477))
1537 4231 1565 4278 et
1586 4222 1697 4277 tandem
1716 4237 1762 4276 re-

92 4323 147 4376 lam
164 4321 193 4377 in
208 4322 314 4378 honore
329 4323 409 4379 beate
428 4324 558 4399 Virginis,
575 4340 630 4396 que
650 4325 792 4380 honestate
810 4340 861 4378 sua
873 4297 939 4379 etD
951 4320 1052 4376 velavit
1063 4320 1239 4392 quibusdam,
1249 4319 1323 4391 quod
1340 4318 1400 4388 ipse
1416 4322 1474 4371 erat
1488 4313 1649 4379 balduinus,
1665 4326 1760 4368 comes

93 4410 302 4482 pulchritudine
330 4412 496 4468 intuentium
514 4414 609 4470 oculos
647 4421 737 4485 potest
764 4414 902 4469 morosius
952 4411 1078 4468 Flandrie
1096 4418 1123 4466 et
1138 4411 1254 4466 llaiuoie
1269 4415 1296 4464 et
1311 4409 1462 4480 imperator
1475 4403 1761 4474 Constantinopolita-

91 4506 228 4563 detiuere.
241 4507 381 4578 luceptam
394 4508 477 4562 etiam
491 4509 637 4564 ecclesiam
650 4509 685 4563 ab
698 4509 833 4564 avunculo
851 4523 901 4564 suo
951 4521 1013 4561 nus.
1026 4505 1085 4571 Quo
1099 4504 1205 4572 audito,
1221 4503 1332 4575 qnidam
1345 4501 1454 4557 nobiles
1474 4499 1653 4555 crediderunt
1667 4497 1761 4554 verbis

91 4597 256 4668 symmone,
270 4611 344 4653 nono
366 4597 474 4663 abbate,
502 4598 589 4653 multo
608 4597 703 4654 labore
729 4604 757 4653 et
771 4600 901 4668 expensis
952 4601 1050 4671 ipsius,
1067 4598 1205 4655 duxerunt
1234 4611 1295 4650 eum
1316 4594 1504 4649 Valencltenaa
1529 4609 1592 4648 cum
1613 4592 1718 4648 honore
1734 4599 1762 4647 et

92 4701 150 4741 non
163 4685 281 4742 modicis
300 4685 420 4742 feliciter
432 4687 643 4754 consummavit,
659 4687 731 4743 sicut
744 4687 834 4743 adhuc
849 4704 901 4759 po·
952 4705 1016 4745 eum
1032 4687 1071 4742 ibi
1082 4691 1220 4749 ornatum,
1232 4684 1303 4738 sicut
1322 4681 1439 4737 decebat
1453 4682 1644 4753 imperatorem
1665 4687 1693 4736 et
1711 4695 1761 4736 co·

90 4782 147 4832 test
158 4774 317 4832 evidentius
330 4791 477 4848 apparere,
489 4785 517 4832 et
529 4776 654 4831 eamdem
669 4777 814 4833 ecclesiam
830 4777 901 4835 duo·
951 4781 1057 4849 mitem,
1071 4780 1208 4836 duxerunt
1223 4795 1272 4850 per
1284 4777 1459 4845 Flandriam;
1472 4785 1499 4834 et
1512 4778 1590 4834 multi
1605 4775 1760 4831 Flandren·

770 4906 878 4963 VhlltAE
893 4905 1081 4965 lucutenta.

128 5004 162 5040 “¹
179 5009 228 5060 llic
240 5006 339 5062 desinit
359 5022 470 5063 omaus.
493 5010 635 5078 Sequentia
653 5013 761 5080 scripsit
773 5025 825 5066 scc.
846 5026 903 5065 xttr.
920 5014 960 5066 in.
983 5012 1054 5067 alius
1068 5013 1179 5082 qnidam
1205 5015 1298 5068 omnic
1317 5023 1372 5067 arao
1387 5016 1488 5077 tractu,
1514 5022 1564 5063 racc
1588 5005 1682 5061 habitu
1710 5018 1760 5060 racc

91 5082 249 5133 coemto
262 5092 385 5147 umam
402 5085 509 5134 mactato
517 5096 526 5145 ;
546 5084 572 5133 et
585 5079 667 5134 umba
677 5082 785 5151 quadan
797 5080 869 5137 obiit
896 5081 1067 5139 -decimus
1082 5086 1112 5138 ia
1126 5097 1234 5138 rasura.
1255 5087 1297 5138 Ex
1310 5084 1351 5138 liis
1365 5097 1407 5148 ca,
1426 5095 1486 5151 qooe
1499 5079 1594 5134 litteris
1607 5075 1759 5131 minoribus

91 5151 283 5216 amenas,
298 5149 335 5204 ad
344 5150 457 5206 umbem
470 5151 608 5220 descripsit
619 5165 655 5206 ee
667 5153 814 5209 ambias
826 5154 1037 5223 aquicinctino,
1053 5155 1100 5210 aba
1114 5156 1207 5210 endon
1220 5155 1314 5210 multia
1334 5152 1462 5209 matter
1473 5151 1565 5207 meeis
1585 5152 1701 5203 exorato
1714 5147 1755 5202 tc-

89 5224 205 5288 pastor.
252 5219 287 5254 *θ’
300 5222 340 5276 ita
353 5221 409 5278 cod.
453 5221 488 5255 ⁸⁸⁸
502 5219 554 5276 sub
569 5224 663 5277 duone
680 5223 736 5279 cod.

873 5322 978 5382 NOTAE.

126 5422 200 5493 (tto)
219 5424 265 5504 Α..
285 5423 364 5481 tuat.
384 5424 514 5499 Plerique
543 5426 672 5482 Personae
705 5432 814 5498 captum
843 5444 916 5484 mor·
1008 5429 1080 5498 (til)
1096 5430 1125 5487 ln
1141 5428 1448 5506 regionelornaceusi.

88 5499 225 5566 tuumque
238 5493 346 5552 dicum.
