3720 6014
141 197 198 256 995
653 191 835 249 athabeos!
857 185 992 247 dBlithS
1011 191 1038 245 S.
1060 188 1180 247 ntxtttt
1201 193 1332 252 thalla.
1766 205 1816 262 996

145 344 193 399 ρει
208 342 289 397 quam
306 325 342 378 ita
372 321 515 376 nominum
542 319 655 374 istomm
676 317 817 388 reciproca
832 317 954 372 variatur
970 325 989 388 ,t
1005 316 1128 383 eiusdem
1150 320 1377 377 mortissalutaro
1391 325 1561 394 mysterium,
1584 328 1681 382 mortis
1694 330 1818 401 antiquae

141 415 297 479 conversio,
318 419 348 466 ut
371 412 398 464 in
413 410 515 464 ludaeis
537 407 716 463 credentibus
743 407 853 473 divisio,
879 413 905 461 et
925 406 952 459 in
1004 407 1137 463 destruxit
1151 410 1309 481 imperium.
1323 412 1385 468 llaec
1401 423 1442 470 εει
1457 416 1501 470 illa
1516 418 1571 482 lux,
1587 434 1734 490 perquam
1746 421 1817 475 idern

142 527 196 564 ιιοιι
231 506 408 562 credentibus
428 504 598 577 intelligatur
622 502 769 573 dispersio,
793 501 859 573 quia
884 501 954 556 sicut
1004 498 1159 567 patriarcba
1179 501 1366 559 illustrabatur
1385 508 1524 581 egregius,
1551 510 1586 565 de
1611 526 1669 581 quo
1694 513 1818 577 dieitur;

142 613 191 667 per
206 597 283 651 istam
297 594 463 648 divisionem
479 589 550 644 tides
566 590 646 645 nobis
671 590 828 644 insinuatur
843 588 951 642 illorum
1004 596 1059 645 Nou
1072 594 1214 658 auferetur
1223 601 1358 664 sceptrum
1370 599 1401 652 de
1414 600 1496 667 rudia,
1512 607 1539 655 et
1550 603 1607 656 deae
1621 604 1653 657 de
1668 606 1818 668 semoribus

143 686 293 759 dequibus
308 686 410 741 dictum
431 692 484 749 est,
499 684 621 752 Suscepit
641 698 683 738 eos
699 684 730 737 de
741 685 786 737 uia
801 683 953 751 inquitatis
1004 686 1061 751 ejus
1080 682 1154 753 (Gen.
1170 687 1256 757 ιιιιι);
1284 688 1374 759 typice
1389 689 1498 746 scilicet
1517 692 1671 767 designans
1693 697 1772 766 quod
1784 697 1816 751 do

141 795 235 836 eorum
254 780 306 849 (Ps.
336 777 401 847 arr).
419 777 456 830 ita
482 790 532 846 per
560 776 630 828 bane
657 772 867 844 dispositionem
897 788 952 827 uon
1004 774 1076 828 tribu
1103 776 1173 830 Juda
1188 777 1241 832 dux
1259 779 1306 834 ille
1320 781 1475 837 nasciturus
1490 790 1549 838 erat
1569 785 1596 838 in
1613 785 1733 842 salutern
1761 805 1818 843 cre-

143 876 300 940 crcdentcS,
329 872 464 927 debemus
483 878 617 925 annotare
654 869 775 932 Judaeos,
795 866 829 921 de
851 865 953 938 quibus
1005 866 1190 932 dentium,de
1211 872 1476 947 quosubjungitur:
1505 880 1562 945 lpse
1584 880 1637 932 erit
1651 883 1821 948 exspectatio

142 964 350 1035 scriptumest:
382 960 501 1014 Tradidit
525 973 566 1012 eos
595 960 625 1011 ia
652 972 752 1011 munus
768 957 901 1025 pestium,
930 959 956 1008 el
1004 959 1239 1032 pentiumlibidl.
1257 962 1319 1018 llaec
1339 971 1379 1019 cst
1398 965 1444 1019 illa
1464 966 1519 1034 lus,
1540 971 1750 1038 quaeenmdem
1774 971 1817 1024 lu-

141 1035 276 1114 domiaati
301 1063 367 1113 sient
391 1070 483 1110 eorum
496 1055 542 1122 qui
553 1052 668 1107 oderrtut
682 1066 723 1106 eos
740 1051 793 1119 (Ps.
810 1047 862 1117 ει).
893 1047 955 1102 llaec
1005 1047 1066 1101 dam
1084 1054 1149 1120 typo
1169 1053 1326 1121 apostolicae
1350 1056 1555 1124 praedicationis
1580 1059 1739 1127 illustravit,
1757 1061 1817 1115 dun

144 1163 185 1212 est
209 1156 255 1209 illa
277 1155 322 1209 lux
348 1168 398 1223 ρει
418 1167 500 1223 quarn
521 1149 605 1202 ludas
625 1145 821 1202 benedictione
842 1149 954 1215 paterna
1005 1134 1129 1212 infigura
1145 1141 1259 1213 gentilis
1271 1143 1366 1213 populi
1389 1146 1491 1215 pullum
1509 1163 1589 1203 suum
1606 1151 1640 1203 ad
1658 1150 1769 1205 vineam
1785 1151 1817 1204 li-

143 1246 242 1301 meruit
257 1242 428 1299 aeternaliter
438 1240 502 1304 irui,
527 1254 575 1310 pro
591 1254 644 1309 qua
665 1245 745 1308 pater
758 1236 863 1304 eiusad
875 1250 951 1289 eum:
1004 1224 1093 1296 8³le
1105 1226 1132 1280 in
1148 1227 1229 1283 vinea
1243 1230 1351 1286 seilicet
1368 1232 1420 1288 bac
1431 1233 1546 1308 intelligi
1561 1237 1660 1292 rolens
1674 1240 1817 1294 ecclesiam

140 1337 222 1403 ludu,
246 1333 386 1406 inquit,tc
406 1330 560 1386 laudabunt
581 1330 680 1396 tratres
702 1329 743 1381 tui
769 1326 831 1395 (Gen
856 1325 951 1394 xciv);
1006 1313 1116 1383 Christi,
1143 1319 1178 1374 de
1208 1337 1262 1391 quo
1285 1322 1387 1378 dictum
1417 1336 1471 1381 est:
1504 1332 1615 1383 Vineam
1647 1331 1680 1384 de
1713 1337 1819 1401 AEqppto

141 1430 238 1485 ludam
255 1427 362 1483 seilicet
389 1425 466 1480 illum
483 1423 563 1479 nobis
590 1420 741 1496 figuraliter
761 1435 951 1491 expressurus,
1004 1413 1170 1467 transtulisti
1181 1413 1259 1480 (Psoi.
1275 1421 1375 1484 taxis).
1393 1418 1456 1474 llaec
1470 1427 1512 1475 est
1530 1421 1576 1477 illa
1592 1422 1650 1487 lux,
1665 1439 1718 1494 per
1738 1441 1814 1494 quaro

142 1518 188 1589 qui
204 1518 239 1571 ad
254 1515 404 1570 vindictam
422 1509 774 1575 malorum,laudemvero
805 1508 952 1573 bonorum,
1002 1498 1127 1555 ludasad
1149 1502 1572 1567 discernendamludaeorumet
1590 1512 1816 1584 gentiumlitem,

142 1609 259 1663 detribu
275 1607 345 1662 Juda
361 1612 419 1659 erat
442 1603 606 1657 nasciturus.
629 1600 690 1654 llaec
713 1606 754 1653 est
776 1598 822 1652 illa
842 1598 886 1652 lux
906 1613 955 1668 ρει
968 1624 993 1692 ss
1005 1590 1057 1645 sub
1072 1598 1136 1663 typo
1151 1597 1264 1669 gentilis
1288 1599 1382 1670 populi
1406 1601 1510 1656 asinam
1526 1619 1602 1658 suam
1620 1606 1717 1679 ligavit
1732 1607 1765 1659 ad
1782 1608 1817 1661 ri-

145 1717 227 1773 quam
252 1699 349 1753 iratres
364 1698 440 1751 ludae
455 1696 489 1748 ad
516 1693 641 1748 eamdem
669 1690 784 1764 figuram
805 1689 955 1745 laudabant
1005 1691 1072 1750 tem,
1085 1687 1246 1759 significans
1259 1691 1399 1759 videlicet,
1416 1696 1490 1766 quod
1505 1697 1565 1768 ipse
1581 1700 1629 1769 qui
1648 1707 1714 1770 post
1733 1717 1818 1754 rosus.

144 1810 207 1850 eum
223 1809 278 1865 quo
292 1790 409 1863 apostoli
422 1795 515 1860 postea
535 1787 716 1842 laudaverunt
728 1786 824 1847 llcum,
842 1784 953 1854 quando
1006 1777 1157 1834 rectionem
1175 1797 1252 1836 suam
1284 1783 1430 1856 discipulis
1445 1803 1590 1858 apparens,
1608 1794 1649 1845 ire
1670 1807 1701 1847 sc
1719 1793 1820 1860 ιειιριιιε

145 1883 278 1940 ineffabili
303 1881 403 1936 dirinae
422 1879 533 1950 pietatis
551 1876 673 1932 ellieacia
689 1875 788 1930 iratres
815 1875 876 1944 ejus
897 1889 951 1928 non
1003 1868 1086 1932 fiuxit
1101 1873 1173 1936 (tue.
1199 1875 1283 1946 xxiv),
1304 1893 1354 1946 por
1368 1879 1526 1948 mysterium
1550 1882 1640 1937 crucis
1671 1883 1819 1939 Eccqesqam

146 1984 243 2032 natura
260 1975 349 2039 luere',
370 1970 528 2043 sedgratia.
548 1969 608 2023 llaec
636 1974 677 2022 est
695 1966 802 2021 illalux
830 1981 892 2037 quae
909 1966 956 2019 diu
1008 1962 1130 2033 gentium
1147 1964 1257 2020 vincula
1271 1966 1324 2021 sibi
1335 1969 1476 2025 charitatis
1491 1972 1626 2027 astrinxit.
1641 1975 1705 2029 llaec
1720 1981 1762 2030 est
1776 1975 1818 2029 illa

145 2063 308 2121 abscondita
330 2060 381 2115 luit
401 2058 435 2114 ab
465 2056 554 2113 oculis
583 2071 690 2118 eorum,
710 2054 863 2126 dequibus
890 2052 958 2108 sub·
1009 2055 1063 2116 lux,
1086 2071 1135 2126 per
1159 2058 1342 2127 quamtudas
1360 2063 1515 2130 passionem
1533 2065 1633 2120 christi
1663 2067 1744 2123 „oq-p
1762 2084 1821 2122 esse

144 2159 281 2234 jungitur,
291 2162 385 2211 Munus
396 2161 450 2209 ture
465 2152 649 2208 inserviemus
663 2153 836 2205 inimicorum
850 2155 959 2203 tuorum
1008 2149 1150 2198 venturam
1166 2145 1230 2199 dum
1250 2146 1277 2200 in
1294 2145 1382 2220 ligura
1402 2150 1549 2207 Salvatoris
1564 2155 1632 2208 lavit
1648 2158 1678 2209 in
1691 2159 1756 2212 vino
1770 2163 1821 2211 ste

149 2251 223 2322 (Gen.
247 2250 329 2320 sats),
358 2245 520 2320 significans
545 2242 653 2297 scilicet
681 2241 756 2313 quod
774 2256 855 2296 verus
874 2239 958 2295 ludas
1008 2234 1065 2286 luto
1085 2249 1165 2288 strum
1192 2237 1267 2303 (Gen.
1288 2239 1374 2309 narr),
1402 2241 1516 2311 mystice
1545 2243 1652 2298 scilicet
1678 2244 1823 2300 insinuans

150 2339 259 2397 virtutis
277 2336 382 2393 coelesti
398 2334 489 2407 gladio
505 2326 651 2387 humiliare
672 2329 767 2385 debuit
781 2329 958 2397 collasuper-
1008 2320 1082 2390 quod
1109 2336 1172 2377 earo
1186 2321 1296 2392 Christi,
1326 2342 1387 2396 quae
1410 2328 1437 2383 in
1454 2345 1534 2385 cruce
1561 2333 1712 2402 pependit,
1740 2336 1821 2403 paulo

151 2428 306 2495 borum,dc
321 2426 423 2497 quibus
437 2423 571 2494 scriptum
587 2429 639 2487 est,
650 2423 875 2488 borninusjustns
889 2433 954 2474 eoa·
1009 2411 1100 2464 minus
1114 2411 1148 2463 uh
1162 2414 1264 2481 sepelis
1284 2414 1365 2483 (Psoi.
1384 2418 1440 2485 ιιιι)
1457 2418 1594 2486 discessit,
1610 2421 1677 2476 dum
1696 2421 1823 2477 Ecclesia·

151 2518 522 2583 cidetcervicespeccatorum
539 2514 580 2579 (Es
619 2525 675 2577 run⁸
699 2508 760 2563 llaec
780 2516 822 2561 est
841 2507 887 2560 illa
914 2505 958 2559 Ιιιι
1008 2503 1132 2573 gentium
1149 2504 1259 2561 botrum
1277 2509 1319 2563 soi
1340 2511 1483 2584 sanguinis
1496 2512 1522 2566 in
1540 2514 1669 2569 torculari
1685 2517 1823 2586 passionis

149 2627 202 2682 qua
217 2609 301 2665 lacon
316 2607 470 2661 illustratus
485 2606 512 2659 in
528 2603 723 2659 benedictione
750 2600 798 2654 filli
823 2601 877 2667 sui,
895 2614 960 2654 eon·
1009 2597 1152 2665 expressit.
1171 2597 1230 2653 llaec
1246 2606 1287 2654 est
1302 2600 1348 2654 illa
1367 2601 1423 2663 lux,
1438 2617 1487 2673 per
1508 2620 1588 2675 quam
1612 2622 1697 2660 verus
1712 2607 1759 2662 ille
1774 2609 1819 2663 Ju-

149 2701 427 2773 tinuosubjungcns:
454 2697 621 2762 Adorabunt,
637 2695 739 2766 inquit,
765 2693 958 2761 tefiliiputris
1009 2686 1068 2750 das,
1092 2687 1271 2764 insanguine
1294 2708 1353 2746 urae
1370 2695 1481 2764 pallium
1511 2714 1591 2754 suum
1609 2701 1685 2767 latit,
1707 2703 1755 2773 qui
1774 2720 1822 2772 per

147 2799 191 2852 sui
218 2795 291 2866 (Gen.
323 2795 405 2859 surr),
444 2806 493 2860 ρει
521 2803 590 2856 quos
626 2787 756 2842 videlicet
790 2785 957 2860 prefigurati
1008 2780 1171 2849 mysterium
1192 2782 1282 2836 crucis
1299 2784 1447 2841 Ecclesiam
1472 2790 1596 2863 gentium
1612 2792 1646 2846 ab
1671 2794 1748 2847 omni
1766 2795 1817 2848 ini.

148 2896 213 2943 sunt
227 2885 309 2941 nobis
324 2884 362 2938 illi
378 2881 434 2937 veri
452 2881 614 2935 adoratores
627 2879 685 2945 llei,
702 2879 736 2932 de
763 2876 863 2947 quibus
888 2875 957 2931 scri·
1007 2866 1273 2938 quitalcmundatlt.
1288 2874 1398 2942 quaudo
1414 2875 1518 2947 duplici
1533 2891 1646 2949 peccato
1662 2881 1748 2950 illius,
1766 2884 1817 2937 du-

150 2984 226 3048 ptum
243 2982 292 3039 est,
308 2967 465 3029 Adorabunt
476 2987 540 3026 eum
553 2984 643 3024 omae
664 2983 748 3037 repes,
763 2982 853 3022 ειιιιιεε
867 2972 956 3034 pentes
968 2995 991 3063 (s
1008 2960 1071 3029 plici
1087 2961 1225 3018 medicina
1239 2965 1380 3033 subvenit,
1398 2968 1445 3023 ubi
1457 2969 1590 3026 delatore
1606 2988 1655 3027 sua
1670 2990 1745 3045 aqua
1759 2993 1820 3031 eum

148 3071 264 3125 servient
278 3069 303 3121 ei
319 3068 369 3130 (Es.
396 3066 478 3131 ιιιιιι).
503 3062 564 3117 llaec
586 3068 627 3115 est
646 3060 693 3114 illa
721 3058 765 3113 lux
794 3074 854 3130 quae
876 3057 953 3113 ludae
985 3038 1102 3119 'abluit
1117 3059 1145 3108 et
1159 3056 1293 3129 sanguine
1309 3059 1438 3116 redemit.
1464 3061 1526 3117 llaec
1551 3065 1656 3118 estilla
1682 3065 1740 3132 lux,
1773 3085 1821 3138 per

150 3159 214 3214 hnic
230 3159 338 3212 leonem
356 3155 432 3209 illurn
447 3152 667 3224 praemonstravit
683 3152 711 3204 in
732 3149 829 3221 figura,
848 3150 882 3204 de
898 3165 952 3220 quo
1001 3165 1084 3220 quam
1111 3148 1169 3218 ille,
1196 3150 1244 3222 qui
1277 3160 1318 3206 cst
1346 3154 1393 3220 lies
1423 3161 1513 3226 campi
1538 3165 1564 3214 ct
1593 3160 1684 3214 lilium
1712 3164 1824 3217 contral-

149 3244 339 3318 subjungitur,
353 3244 464 3297 Catulus
476 3243 558 3296 ιεοιιιε
572 3241 641 3295 ludu
659 3241 732 3309 (Gen.
762 3246 844 3301 ιιιιιιι,
869 3239 953 3312 signi·
1002 3239 1070 3293 lium
1084 3239 1173 3308 (cunt.
1197 3243 1237 3308 ιι),
1254 3258 1303 3313 ριο
1323 3244 1410 3301 salute
1425 3249 1600 3304 credentium
1627 3250 1655 3305 in
1681 3254 1822 3326 sanguine

149 3334 236 3390 boans
262 3331 459 3403 scilicetquod
499 3330 526 3384 in
567 3329 769 3384 resurrectione
810 3326 953 3383 bominica
1000 3344 1059 3384 uvae
1073 3329 1353 3404 lavaredignatusest
1367 3337 1490 3407 pallium,
1505 3341 1569 3395 dum
1581 3357 1631 3412 per
1653 3345 1818 3413 mysterium

147 3427 234 3483 virtus
244 3425 331 3481 leonis
346 3424 420 3479 illius
434 3422 515 3479 nobis
527 3419 598 3476 iacta
612 3428 654 3474 est
668 3421 752 3488 nuda,
767 3421 801 3475 de
816 3436 871 3492 quo
884 3421 952 3475 scri·
1005 3419 1047 3473 sui
1061 3419 1195 3476 salutiferi
1211 3424 1318 3478 cruoris
1332 3425 1453 3483 reddidit
1465 3428 1507 3483 eis
1523 3429 1635 3500 pallium
1653 3431 1759 3498 landis,
1773 3449 1820 3503 pro

148 3502 957 3589 prunest,aceevtcnteodetrttusude(apocatllaec
1006 3511 1102 3581 spiritu
1119 3515 1244 3569 moeroris
1277 3517 1458 3574 llaecestilla
1479 3520 1534 3588 lux,
1555 3525 1825 3592 quaeoeulostudae

148 3618 191 3665 εει
205 3609 249 3665 illa
264 3610 309 3665 lux
329 3624 378 3679 ρει
399 3623 480 3680 quarn
495 3605 582 3661 ludas
596 3604 749 3659 illustratus
768 3612 809 3659 est
829 3605 956 3676 mysterio
1007 3604 1139 3672 mysterio
1165 3605 1254 3661 adbuc
1270 3606 1416 3665 illustravit
1436 3610 1541 3678 divino,
1562 3612 1608 3666 ubi
1625 3613 1823 3688 subjungitur:

149 3705 248 3760 Christi
264 3704 376 3776 quando
388 3710 465 3774 pater
485 3701 589 3770 eiusad
602 3699 693 3755 illum:
711 3700 751 3753 ,ld
764 3701 894 3768 medam,
914 3699 960 3753 in·
1011 3695 1324 3754 Putenrmessuutocutt
1333 3704 1392 3770 ejus
1406 3703 1549 3772 uinottleu.
1560 3707 1648 3764 xarxl:
1664 3705 1736 3760 nihil
1751 3708 1825 3761 eliud

148 3794 217 3867 quit,
232 3795 330 3860 filimi,
345 3793 490 3847 ascendisti
499 3790 573 3859 (Gen.
588 3788 674 3859 natal:
688 3804 737 3858 per
748 3789 821 3859 quod
833 3789 963 3854 videlicet
1012 3785 1141 3843 videlicet
1155 3788 1270 3864 intelligi
1285 3792 1382 3847 volens
1396 3810 1446 3864 per
1460 3795 1516 3849 vini
1526 3796 1606 3866 hujus
1619 3797 1824 3866 sinceritatem,

148 3879 956 3954 nobispraedatorisilliusinsinuatmaJestatem,quiescere·
1014 3877 1067 3933 nisi
1092 3879 1189 3952 legalis
1203 3882 1387 3941 observantiae
1404 3887 1603 3943 austeritatem.
1628 3889 1691 3945 llaee
1712 3898 1758 3946 est
1781 3893 1826 3946 illa

147 3981 211 4036 deas
229 3983 259 4034 iu
273 3980 381 4043 eaelum,
406 3981 543 4047 captivum
565 3991 656 4030 secum
679 3976 759 4030 duxit
773 3979 957 4045 captivitatem
1007 3968 1063 4036 lux,
1080 3986 1129 4041 ρει
1153 3988 1235 4043 quam
1251 3975 1323 4030 oculi
1341 3975 1416 4031 ludat
1442 3977 1505 4033 vino
1534 3989 1612 4034 erant
1633 3981 1821 4051 pulchriores,

148 4068 249 4140 (Epiros.
275 4068 321 4139 tv).
340 4069 401 4122 llaec
417 4075 458 4123 est
486 4068 531 4122 illa
559 4067 614 4134 lux,
632 4083 681 4137 ρει
694 4059 789 4138 'quam
808 4066 894 4122 ludas
913 4083 957 4122 re·
1007 4061 1072 4115 dum
1088 4064 1205 4132 apostoli
1216 4071 1243 4120 ct
1258 4067 1434 4143 evangelistae
1448 4070 1528 4145 legali
1542 4072 1694 4127 traditione
1711 4073 1822 4129 itrerant

147 4157 295 4229 quiescens
310 4157 441 4213 accubuit
456 4167 485 4212 ut
504 4159 558 4224 leo,
581 4158 645 4212 dum
668 4157 792 4212 Christus
808 4159 836 4211 in
861 4157 956 4228 sepul·
1007 4152 1147 4221 clariores,
1173 4158 1348 4230 quandoper
1367 4162 1555 4236 evangelicam
1583 4171 1610 4219 et
1634 4168 1820 4235 apostolicam

148 4264 196 4304 cro
220 4248 311 4304 tribus
339 4248 438 4304 diebus
467 4249 604 4321 requierit
632 4248 660 4301 in
684 4248 754 4311 lleo;
776 4248 955 4319 quoniamad
1007 4248 1159 4303 doctrinam
1178 4251 1321 4308 scientiam
1345 4255 1426 4310 uobis
1451 4255 1577 4312 inludere
1593 4258 1732 4315 divinam.
1762 4263 1823 4317 llaec

147 4337 276 4392 eumdem
292 4338 403 4393 modum
417 4345 472 4393 tres
483 4338 544 4393 dies
559 4338 586 4391 in
601 4336 707 4392 tumulo
721 4337 896 4408 requiescere
912 4337 951 4392 di·
1007 4343 1048 4391 est
1060 4336 1107 4391 illa
1132 4339 1187 4404 lux,
1203 4357 1348 4413 perquam
1369 4345 1451 4399 etiam
1467 4347 1557 4401 deatm
1576 4351 1635 4416 ejus
1652 4357 1736 4404 erant
1755 4353 1823 4406 loco

146 4437 246 4501 gnatus
261 4436 303 4484 est
329 4431 411 4496 lleus,
432 4446 488 4502 quo
504 4429 611 4485 catulus
627 4427 715 4482 leonis
737 4427 838 4494 editus,
864 4430 952 4485 tribus
1002 4433 1167 4488 candidiores
1183 4433 1280 4504 (ibid),
1296 4438 1360 4492 dum
1375 4439 1502 4495 doctores
1521 4440 1651 4497 Ecclesiae
1673 4444 1761 4516 legali
1777 4446 1822 4501 ob

145 4519 248 4576 dicitur
262 4520 383 4576 dormire
399 4521 507 4577 dicbus.
529 4523 591 4578 llaec
605 4531 646 4577 est
662 4519 708 4574 illa
723 4519 778 4586 lux,
799 4538 860 4593 quse
875 4521 902 4575 in
916 4521 952 4576 fi·
1001 4520 1258 4579 scuritateiuerant
1281 4527 1440 4597 lucidiores,
1469 4532 1580 4602 quaudo
1600 4533 1739 4590 virtutum
1761 4553 1821 4592 can-

146 4627 216 4684 gura
228 4610 306 4666 tuda
316 4612 396 4668 istius
412 4613 544 4668 suscitare
553 4615 639 4672 voluit
655 4618 753 4678 beum;
773 4615 808 4669 de
822 4630 876 4686 quo
891 4616 954 4670 snb·
1003 4610 1070 4665 dore
1084 4610 1162 4668 lactis
1176 4622 1337 4672 attestantes
1350 4619 1519 4692 albedinem,
1529 4624 1700 4697 evangelicae
1718 4628 1821 4682 verita-

143 4703 283 4776 jungitur:
311 4706 374 4766 Quis
386 4705 526 4760 suscitabit
540 4706 629 4761 eum?
648 4708 726 4779 (Gen.
743 4706 827 4776 aurs.)
845 4705 954 4782 signiti-
1003 4702 1130 4759 tisnobis
1153 4707 1323 4764 instillavere
1339 4711 1525 4769 dulcedinem.
1554 4715 1615 4770 llaec
1638 4723 1682 4771 est
1700 4717 1750 4774 illa
1765 4720 1818 4785 lux,

144 4806 211 4846 ⁰⁸⁰⁵
241 4789 382 4854 Videliceh
414 4792 488 4864 quod
512 4809 561 4863 per
584 4795 679 4850 lumen
708 4795 871 4859 dillssilflllss
901 4810 955 4866 quo
1007 4813 1057 4868 per
1070 4814 1151 4868 quam
1173 4799 1200 4852 in
1221 4800 1352 4856 dentibus
1371 4804 1432 4872 ejus
1448 4803 1544 4860 Christi
1562 4807 1767 4877 praedicalores
1779 4812 1823 4865 in·

145 4878 302 4935 humanitas
319 4879 380 4949 ejus
406 4890 464 4935 erat
485 4876 579 4952 plena,
608 4900 622 4938 a
648 4885 703 4940 [leo
731 4884 808 4938 Patre
831 4882 955 4939 suscitari
1006 4884 1318 4960 telliguntur,perquos
1334 4889 1469 4947 increduli
1487 4895 1603 4965 quippe,
1625 4898 1710 4968 quasi
1727 4900 1821 4954 cibit„

146 4971 241 5026 debuit
260 4970 340 5042 quasi
356 4971 410 5039 leo,
431 4979 459 5026 ει
478 4973 557 5043 quasi
573 4974 670 5031 leaena.
689 4976 751 5031 llaec
770 4981 810 5030 εει
825 4975 872 5029 illa
900 4975 955 5041 lux,
1007 4994 1107 5052 eorpus
1131 4981 1258 5038 Ecclesia
1276 4987 1508 5057 transmittuntur,
1534 4990 1580 5060 qui
1597 5006 1674 5046 more
1690 4995 1822 5064 parvulo·

146 5080 196 5136 ρει
226 5080 307 5136 quam
333 5065 411 5119 ludae
431 5066 496 5120 huic
520 5068 616 5124 debuit
644 5070 672 5124 in
698 5069 784 5145 figura
809 5070 956 5140 praetendi,
1009 5088 1068 5127 rum
1084 5072 1157 5128 lacte
1173 5076 1332 5131 nutriuntur
1348 5078 1375 5132 in
1392 5079 1490 5149 primis
1504 5082 1569 5152 quia
1585 5083 1715 5140 nondum
1730 5089 1822 5142 valent

146 5163 248 5228 quanta
268 5155 294 5210 iu
325 5154 430 5211 Christo
451 5155 535 5213 luerit
562 5160 703 5217 humilitas
734 5161 901 5230 dormiendi,
930 5170 959 5216 et
1008 5161 1106 5216 solidis
1127 5178 1288 5218 assuescere
1307 5165 1384 5220 cibis.
1414 5167 1535 5224 Haecest
1563 5170 1608 5224 illa
1626 5172 1683 5239 lux,
1716 5175 1821 5247 inqua

145 5247 270 5319 potentia
299 5247 476 5322 resurgendi3
501 5251 564 5305 dum
600 5269 650 5324 per
686 5253 780 5308 lumen
805 5253 957 5309 divinitatis
1008 5249 1131 5306 christus
1154 5252 1261 5324 antiqui
1288 5254 1372 5311 bostis
1390 5272 1540 5312 occurrens
1564 5258 1704 5331 audaciae,
1726 5267 1820 5319 riuum

147 5341 222 5396 illum
238 5341 421 5411 spiritualiter
433 5347 549 5415 aspexit,
562 5353 610 5417 qui
623 5364 670 5417 pro
685 5350 759 5404 noba
769 5356 893 5405 mortuam
906 5356 955 5416 est,
1007 5349 1035 5398 el
1052 5343 1094 5399 lac
1108 5344 1178 5418 legis
1192 5346 1312 5417 antiquae
1341 5349 1418 5404 radio
1443 5364 1520 5404 novae
1537 5349 1688 5408 illustravit
1706 5357 1820 5430 gratiae;

146 5437 172 5485 et
193 5433 343 5484 resurrexit
360 5434 432 5495 (Rom
470 5435 673 5504 vurlllaeest
699 5436 817 5503 illatus,
848 5439 956 5508 inqua
1006 5437 1071 5491 dum
1099 5437 1127 5492 in
1151 5453 1198 5492 ara
1222 5439 1312 5494 crucis
1339 5441 1478 5512 duplicem
1502 5441 1714 5515 hanegratiam
1735 5449 1822 5502 voluit

146 5523 282 5588 Christus,
302 5532 331 5578 ut
356 5525 398 5582 leo
413 5528 560 5598 requievit,
581 5527 627 5599 qui
643 5527 731 5583 tribus
747 5528 847 5584 diebus
860 5535 887 5584 et
903 5529 954 5583 tri·
1006 5532 1131 5588 conterre
1155 5533 1342 5602 credentibus,
1360 5544 1389 5592 ut
1407 5536 1447 5591 cis
1466 5535 1583 5591 ulterius
1609 5556 1662 5596 nec
1689 5543 1783 5616 caligo
1796 5544 1821 5598 io

149 5612 342 5670 busnoctibus
361 5619 498 5674 somnium
515 5619 612 5676 mortis
625 5620 763 5691 implevit;
779 5621 891 5692 quando
907 5635 956 5691 per
1006 5621 1106 5689 oculis,
1119 5636 1170 5675 ιιεε
1189 5622 1270 5677 dolor
1283 5631 1430 5696 appareret
1445 5625 1473 5678 in
1488 5625 1628 5682 dentibus.
1646 5630 1711 5685 llaee
1726 5632 1823 5687 estilln
