<?xml version="1.0" encoding="UTF-8"?>
<!DOCTYPE html PUBLIC "-//W3C//DTD XHTML 1.0 Transitional//EN"
    "http://www.w3.org/TR/xhtml1/DTD/xhtml1-transitional.dtd">
<html xmlns="http://www.w3.org/1999/xhtml" xml:lang="en" lang="en">
 <head>
  <title>
</title>
<meta http-equiv="Content-Type" content="text/html;charset=utf-8" />
  <meta name='ocr-system' content='tesseract 3.04.00' />
  <meta name='ocr-capabilities' content='ocr_page ocr_carea ocr_par ocr_line ocrx_word'/>
</head>
<body>
  <div class='ocr_page' id='page_1' title='image "./patrologiaecurs69unkngoog_0346.png"; bbox 0 0 3720 6014; ppageno 0'>
   <div class='ocr_carea' id='block_1_1' title="bbox 54 166 104 222">
    <p class='ocr_par' dir='ltr' id='par_1_1' title="bbox 54 166 104 222">
     <span class='ocr_line' id='line_1_1' title="bbox 54 166 104 222; baseline -0.02 0"><span class='ocrx_word' id='word_1_1' title='bbox 54 166 104 222; x_wconf 78' lang='lat' dir='ltr'><strong>cat</strong></span> 
     </span>
    </p>
   </div>
   <div class='ocr_carea' id='block_1_2' title="bbox 623 165 1156 224">
    <p class='ocr_par' dir='ltr' id='par_1_2' title="bbox 623 165 1156 224">
     <span class='ocr_line' id='line_1_2' title="bbox 623 165 1156 224; baseline 0.004 -2"><span class='ocrx_word' id='word_1_2' title='bbox 623 166 746 222; x_wconf 81' lang='lat' dir='ltr'><strong>Vltus.</strong></span> <span class='ocrx_word' id='word_1_3' title='bbox 767 165 941 222; x_wconf 78' lang='lat' dir='ltr'><strong>WlCllEllTl.</strong></span> <span class='ocrx_word' id='word_1_4' title='bbox 963 198 997 207; x_wconf 98' lang='lat'>-</span> <span class='ocrx_word' id='word_1_5' title='bbox 1017 167 1156 224; x_wconf 76' lang='lat' dir='ltr'><strong>APPEND.</strong></span> 
     </span>
    </p>
   </div>
   <div class='ocr_carea' id='block_1_3' title="bbox 1672 170 1725 224">
    <p class='ocr_par' dir='ltr' id='par_1_3' title="bbox 1672 170 1725 224">
     <span class='ocr_line' id='line_1_3' title="bbox 1672 170 1725 224; baseline 0 -1"><span class='ocrx_word' id='word_1_6' title='bbox 1672 170 1725 224; x_wconf 68' lang='lat'><strong>082</strong></span> 
     </span>
    </p>
   </div>
   <div class='ocr_carea' id='block_1_4' title="bbox 55 287 1722 366">
    <p class='ocr_par' dir='ltr' id='par_1_4' title="bbox 55 287 1722 366">
     <span class='ocr_line' id='line_1_4' title="bbox 55 287 1722 366; baseline 0.005 -23"><span class='ocrx_word' id='word_1_7' title='bbox 55 287 190 355; x_wconf 91' lang='lat' dir='ltr'><strong>oratione,</strong></span> <span class='ocrx_word' id='word_1_8' title='bbox 207 288 296 344; x_wconf 90' lang='lat' dir='ltr'><strong>donec</strong></span> <span class='ocrx_word' id='word_1_9' title='bbox 321 288 424 360; x_wconf 83' lang='lat' dir='ltr'><strong>pertrui</strong></span> <span class='ocrx_word' id='word_1_10' title='bbox 453 297 605 346; x_wconf 85' lang='lat' dir='ltr'><strong>mereretur</strong></span> <span class='ocrx_word' id='word_1_11' title='bbox 624 297 779 347; x_wconf 89' lang='lat' dir='ltr'><strong>sanctarum</strong></span> <span class='ocrx_word' id='word_1_12' title='bbox 801 291 865 347; x_wconf 90' lang='lat' dir='ltr'><strong>reli·</strong></span> <span class='ocrx_word' id='word_1_13' title='bbox 877 293 963 363; x_wconf 69' lang='lat' dir='ltr'><strong>Ascli</strong></span> <span class='ocrx_word' id='word_1_14' title='bbox 982 294 1038 349; x_wconf 84' lang='lat' dir='ltr'><strong>Deo</strong></span> <span class='ocrx_word' id='word_1_15' title='bbox 1054 309 1164 349; x_wconf 91' lang='lat' dir='ltr'><strong>causam</strong></span> <span class='ocrx_word' id='word_1_16' title='bbox 1180 309 1256 348; x_wconf 91' lang='lat' dir='ltr'><strong>suam</strong></span> <span class='ocrx_word' id='word_1_17' title='bbox 1278 293 1423 361; x_wconf 78' lang='lat' dir='ltr'><strong>revelaret,</strong></span> <span class='ocrx_word' id='word_1_18' title='bbox 1445 302 1529 366; x_wconf 91' lang='lat' dir='ltr'><strong>utque</strong></span> <span class='ocrx_word' id='word_1_19' title='bbox 1545 295 1722 352; x_wconf 76' lang='lat' dir='ltr'><strong>exaudiretur</strong></span> 
     </span>
    </p>
   </div>
   <div class='ocr_carea' id='block_1_5' title="bbox 55 379 868 1093">
    <p class='ocr_par' dir='ltr' id='par_1_5' title="bbox 56 379 311 451">
     <span class='ocr_line' id='line_1_5' title="bbox 56 379 311 451; baseline 0 -17"><span class='ocrx_word' id='word_1_20' title='bbox 56 380 182 451; x_wconf 89' lang='lat' dir='ltr'><strong>quiarum</strong></span> <span class='ocrx_word' id='word_1_21' title='bbox 194 379 311 435; x_wconf 83' lang='lat' dir='ltr'><strong>visione.</strong></span> 
     </span>
    </p>

    <p class='ocr_par' dir='ltr' id='par_1_6' title="bbox 55 470 868 1093">
     <span class='ocr_line' id='line_1_6' title="bbox 92 470 867 548; baseline 0 -23"><span class='ocrx_word' id='word_1_22' title='bbox 92 472 117 526; x_wconf 84' lang='grc'><strong>9.</strong></span> <span class='ocrx_word' id='word_1_23' title='bbox 140 471 195 526; x_wconf 90' lang='lat' dir='ltr'><strong>Nee</strong></span> <span class='ocrx_word' id='word_1_24' title='bbox 214 473 307 526; x_wconf 86' lang='lat' dir='ltr'><strong>minus</strong></span> <span class='ocrx_word' id='word_1_25' title='bbox 326 472 459 528; x_wconf 88' lang='lat' dir='ltr'><strong>miraculo</strong></span> <span class='ocrx_word' id='word_1_26' title='bbox 479 473 591 548; x_wconf 91' lang='lat' dir='ltr'><strong>dignum</strong></span> <span class='ocrx_word' id='word_1_27' title='bbox 617 479 669 541; x_wconf 86' lang='lat' dir='ltr'><strong>est,</strong></span> <span class='ocrx_word' id='word_1_28' title='bbox 686 473 760 545; x_wconf 92' lang='lat' dir='ltr'><strong>quod</strong></span> <span class='ocrx_word' id='word_1_29' title='bbox 776 472 803 525; x_wconf 95' lang='lat' dir='ltr'><strong>in</strong></span> <span class='ocrx_word' id='word_1_30' title='bbox 824 470 867 526; x_wconf 90' lang='lat' dir='ltr'><strong>al-</strong></span> 
     </span>
     <span class='ocr_line' id='line_1_7' title="bbox 56 561 868 630; baseline -0.001 -15"><span class='ocrx_word' id='word_1_31' title='bbox 56 570 114 616; x_wconf 91' lang='lat' dir='ltr'><strong>tera</strong></span> <span class='ocrx_word' id='word_1_32' title='bbox 130 562 249 616; x_wconf 88' lang='lat' dir='ltr'><strong>muliere</strong></span> <span class='ocrx_word' id='word_1_33' title='bbox 270 561 370 618; x_wconf 86' lang='lat' dir='ltr'><strong>lactum</strong></span> <span class='ocrx_word' id='word_1_34' title='bbox 390 570 441 618; x_wconf 84' lang='lat' dir='ltr'><strong>est.</strong></span> <span class='ocrx_word' id='word_1_35' title='bbox 464 563 525 618; x_wconf 82' lang='lat' dir='ltr'><strong>llaec</strong></span> <span class='ocrx_word' id='word_1_36' title='bbox 539 564 603 618; x_wconf 92' lang='lat' dir='ltr'><strong>dum</strong></span> <span class='ocrx_word' id='word_1_37' title='bbox 623 563 657 617; x_wconf 91' lang='lat' dir='ltr'><strong>ad</strong></span> <span class='ocrx_word' id='word_1_38' title='bbox 685 578 756 618; x_wconf 81' lang='lat' dir='ltr'><strong>nora</strong></span> <span class='ocrx_word' id='word_1_39' title='bbox 786 561 868 630; x_wconf 87' lang='lat' dir='ltr'><strong>hujus</strong></span> 
     </span>
     <span class='ocr_line' id='line_1_8' title="bbox 56 650 863 725; baseline 0.002 -21"><span class='ocrx_word' id='word_1_40' title='bbox 56 650 111 704; x_wconf 89' lang='lat' dir='ltr'><strong>diei</strong></span> <span class='ocrx_word' id='word_1_41' title='bbox 126 651 227 725; x_wconf 88' lang='lat' dir='ltr'><strong>gaudia</strong></span> <span class='ocrx_word' id='word_1_42' title='bbox 246 667 308 706; x_wconf 92' lang='lat' dir='ltr'><strong>cum</strong></span> <span class='ocrx_word' id='word_1_43' title='bbox 323 653 418 723; x_wconf 90' lang='lat' dir='ltr'><strong>populi</strong></span> <span class='ocrx_word' id='word_1_44' title='bbox 435 653 557 710; x_wconf 89' lang='lat' dir='ltr'><strong>venisset</strong></span> <span class='ocrx_word' id='word_1_45' title='bbox 571 652 737 724; x_wconf 78' lang='lat' dir='ltr'><strong>frequentia,</strong></span> <span class='ocrx_word' id='word_1_46' title='bbox 749 651 863 706; x_wconf 89' lang='lat' dir='ltr'><strong>deside-</strong></span> 
     </span>
     <span class='ocr_line' id='line_1_9' title="bbox 57 740 866 815; baseline 0.002 -21"><span class='ocrx_word' id='word_1_47' title='bbox 57 741 128 795; x_wconf 87' lang='lat' dir='ltr'><strong>rium</strong></span> <span class='ocrx_word' id='word_1_48' title='bbox 156 740 231 796; x_wconf 81' lang='lat' dir='ltr'><strong>fideli</strong></span> <span class='ocrx_word' id='word_1_49' title='bbox 247 743 402 813; x_wconf 80' lang='lat' dir='ltr'><strong>apportatit</strong></span> <span class='ocrx_word' id='word_1_50' title='bbox 421 744 448 799; x_wconf 91' lang='lat' dir='ltr'><strong>in</strong></span> <span class='ocrx_word' id='word_1_51' title='bbox 469 752 593 815; x_wconf 87' lang='lat' dir='ltr'><strong>pectore,</strong></span> <span class='ocrx_word' id='word_1_52' title='bbox 610 751 639 800; x_wconf 91' lang='lat' dir='ltr'><strong>ut</strong></span> <span class='ocrx_word' id='word_1_53' title='bbox 657 743 776 815; x_wconf 89' lang='lat' dir='ltr'><strong>aliquam</strong></span> <span class='ocrx_word' id='word_1_54' title='bbox 802 758 866 814; x_wconf 88' lang='lat' dir='ltr'><strong>por·</strong></span> 
     </span>
     <span class='ocr_line' id='line_1_10' title="bbox 56 834 867 907; baseline 0.002 -19"><span class='ocrx_word' id='word_1_55' title='bbox 56 834 208 890; x_wconf 86' lang='lat' dir='ltr'><strong>tiunculam</strong></span> <span class='ocrx_word' id='word_1_56' title='bbox 233 835 287 889; x_wconf 91' lang='lat' dir='ltr'><strong>sibi</strong></span> <span class='ocrx_word' id='word_1_57' title='bbox 303 843 456 907; x_wconf 74' lang='lat' dir='ltr'><strong>reportaret</strong></span> <span class='ocrx_word' id='word_1_58' title='bbox 470 839 505 892; x_wconf 89' lang='lat' dir='ltr'><strong>de</strong></span> <span class='ocrx_word' id='word_1_59' title='bbox 520 838 607 893; x_wconf 88' lang='lat' dir='ltr'><strong>sancti</strong></span> <span class='ocrx_word' id='word_1_60' title='bbox 622 837 788 893; x_wconf 81' lang='lat' dir='ltr'><strong>contessoris</strong></span> <span class='ocrx_word' id='word_1_61' title='bbox 808 852 867 891; x_wconf 90' lang='lat' dir='ltr'><strong>cor·</strong></span> 
     </span>
     <span class='ocr_line' id='line_1_11' title="bbox 57 927 865 1002; baseline 0.002 -22"><span class='ocrx_word' id='word_1_62' title='bbox 57 943 134 996; x_wconf 87' lang='lat' dir='ltr'><strong>pore.</strong></span> <span class='ocrx_word' id='word_1_63' title='bbox 165 927 299 998; x_wconf 80' lang='lat' dir='ltr'><strong>Expositis</strong></span> <span class='ocrx_word' id='word_1_64' title='bbox 324 929 452 1002; x_wconf 89' lang='lat' dir='ltr'><strong>igiturut</strong></span> <span class='ocrx_word' id='word_1_65' title='bbox 469 930 572 985; x_wconf 89' lang='lat' dir='ltr'><strong>dictum</strong></span> <span class='ocrx_word' id='word_1_66' title='bbox 600 939 642 985; x_wconf 89' lang='lat' dir='ltr'><strong>est</strong></span> <span class='ocrx_word' id='word_1_67' title='bbox 666 929 865 985; x_wconf 80' lang='lat' dir='ltr'><strong>adridendum</strong></span> 
     </span>
     <span class='ocr_line' id='line_1_12' title="bbox 55 1018 867 1093; baseline 0.004 -20"><span class='ocrx_word' id='word_1_68' title='bbox 55 1019 158 1073; x_wconf 88' lang='lat' dir='ltr'><strong>sanctis</strong></span> <span class='ocrx_word' id='word_1_69' title='bbox 175 1018 346 1091; x_wconf 85' lang='lat' dir='ltr'><strong>pignoribus,</strong></span> <span class='ocrx_word' id='word_1_70' title='bbox 364 1022 470 1076; x_wconf 85' lang='lat' dir='ltr'><strong>astabat</strong></span> <span class='ocrx_word' id='word_1_71' title='bbox 499 1023 560 1093; x_wconf 89' lang='lat' dir='ltr'><strong>ipsa</strong></span> <span class='ocrx_word' id='word_1_72' title='bbox 575 1038 637 1076; x_wconf 88' lang='lat' dir='ltr'><strong>curn</strong></span> <span class='ocrx_word' id='word_1_73' title='bbox 653 1021 815 1089; x_wconf 88' lang='lat' dir='ltr'><strong>astantibus,</strong></span> <span class='ocrx_word' id='word_1_74' title='bbox 839 1026 867 1076; x_wconf 90' lang='lat' dir='ltr'><strong>ct</strong></span> 
     </span>
    </p>
   </div>
   <div class='ocr_carea' id='block_1_6' title="bbox 55 1112 867 1362">
    <p class='ocr_par' dir='ltr' id='par_1_7' title="bbox 55 1112 867 1362">
     <span class='ocr_line' id='line_1_13' title="bbox 56 1112 865 1189; baseline 0.001 -24"><span class='ocrx_word' id='word_1_75' title='bbox 56 1119 132 1166; x_wconf 91' lang='lat' dir='ltr'><strong>tanto</strong></span> <span class='ocrx_word' id='word_1_76' title='bbox 154 1112 214 1181; x_wconf 84' lang='lat' dir='ltr'><strong>ejus</strong></span> <span class='ocrx_word' id='word_1_77' title='bbox 234 1113 404 1168; x_wconf 91' lang='lat' dir='ltr'><strong>desiderium</strong></span> <span class='ocrx_word' id='word_1_78' title='bbox 420 1115 584 1189; x_wconf 77' lang='lat' dir='ltr'><strong>augebatur,</strong></span> <span class='ocrx_word' id='word_1_79' title='bbox 605 1122 708 1186; x_wconf 90' lang='lat' dir='ltr'><strong>quanto</strong></span> <span class='ocrx_word' id='word_1_80' title='bbox 725 1112 865 1188; x_wconf 81' lang='lat' dir='ltr'><strong>augmenti</strong></span> 
     </span>
     <span class='ocr_line' id='line_1_14' title="bbox 55 1201 867 1276; baseline 0.001 -22"><span class='ocrx_word' id='word_1_81' title='bbox 55 1217 140 1254; x_wconf 87' lang='lat' dir='ltr'><strong>causa</strong></span> <span class='ocrx_word' id='word_1_82' title='bbox 167 1201 270 1257; x_wconf 76' lang='lat' dir='ltr'><strong>ridenti</strong></span> <span class='ocrx_word' id='word_1_83' title='bbox 300 1204 515 1273; x_wconf 77' lang='lat' dir='ltr'><strong>proponebatur.</strong></span> <span class='ocrx_word' id='word_1_84' title='bbox 560 1202 629 1267; x_wconf 84' lang='lat' dir='ltr'><strong>Quid</strong></span> <span class='ocrx_word' id='word_1_85' title='bbox 660 1201 743 1276; x_wconf 87' lang='lat' dir='ltr'><strong>igitur</strong></span> <span class='ocrx_word' id='word_1_86' title='bbox 773 1208 867 1274; x_wconf 87' lang='lat' dir='ltr'><strong>ageret</strong></span> 
     </span>
     <span class='ocr_line' id='line_1_15' title="bbox 55 1290 866 1362; baseline 0 -19"><span class='ocrx_word' id='word_1_87' title='bbox 55 1306 113 1360; x_wconf 89' lang='lat' dir='ltr'><strong>quo</strong></span> <span class='ocrx_word' id='word_1_88' title='bbox 127 1305 155 1343; x_wconf 90' lang='lat' dir='ltr'><strong>se</strong></span> <span class='ocrx_word' id='word_1_89' title='bbox 171 1291 308 1344; x_wconf 81' lang='lat' dir='ltr'><strong>verteret?</strong></span> <span class='ocrx_word' id='word_1_90' title='bbox 327 1290 385 1345; x_wconf 91' lang='lat' dir='ltr'><strong>Non</strong></span> <span class='ocrx_word' id='word_1_91' title='bbox 408 1300 467 1347; x_wconf 87' lang='lat' dir='ltr'><strong>erat</strong></span> <span class='ocrx_word' id='word_1_92' title='bbox 481 1308 513 1346; x_wconf 89' lang='lat' dir='ltr'><strong>ea</strong></span> <span class='ocrx_word' id='word_1_93' title='bbox 539 1306 667 1362; x_wconf 89' lang='lat' dir='ltr'><strong>persona,</strong></span> <span class='ocrx_word' id='word_1_94' title='bbox 684 1307 746 1361; x_wconf 84' lang='lat' dir='ltr'><strong>quae</strong></span> <span class='ocrx_word' id='word_1_95' title='bbox 762 1290 797 1344; x_wconf 91' lang='lat' dir='ltr'><strong>de</strong></span> <span class='ocrx_word' id='word_1_96' title='bbox 812 1298 866 1344; x_wconf 89' lang='lat' dir='ltr'><strong>tam</strong></span> 
     </span>
    </p>
   </div>
   <div class='ocr_carea' id='block_1_7' title="bbox 56 1380 866 1548">
    <p class='ocr_par' dir='ltr' id='par_1_8' title="bbox 56 1380 866 1548">
     <span class='ocr_line' id='line_1_16' title="bbox 56 1380 866 1456; baseline 0.005 -22"><span class='ocrx_word' id='word_1_97' title='bbox 56 1380 182 1451; x_wconf 86' lang='lat' dir='ltr'><strong>precioso</strong></span> <span class='ocrx_word' id='word_1_98' title='bbox 207 1398 322 1438; x_wconf 89' lang='lat' dir='ltr'><strong>munere</strong></span> <span class='ocrx_word' id='word_1_99' title='bbox 350 1400 508 1456; x_wconf 90' lang='lat' dir='ltr'><strong>quenquam</strong></span> <span class='ocrx_word' id='word_1_100' title='bbox 529 1383 704 1454; x_wconf 86' lang='lat' dir='ltr'><strong>interpellare</strong></span> <span class='ocrx_word' id='word_1_101' title='bbox 726 1399 866 1453; x_wconf 89' lang='lat' dir='ltr'><strong>presume-</strong></span> 
     </span>
     <span class='ocr_line' id='line_1_17' title="bbox 57 1475 866 1548; baseline 0.004 -21"><span class='ocrx_word' id='word_1_102' title='bbox 57 1481 109 1539; x_wconf 85' lang='lat' dir='ltr'><strong>ret,</strong></span> <span class='ocrx_word' id='word_1_103' title='bbox 127 1475 169 1529; x_wconf 81' lang='lat' dir='ltr'><strong>vel</strong></span> <span class='ocrx_word' id='word_1_104' title='bbox 187 1475 231 1529; x_wconf 91' lang='lat' dir='ltr'><strong>cui</strong></span> <span class='ocrx_word' id='word_1_105' title='bbox 256 1475 442 1547; x_wconf 70' lang='lat' dir='ltr'><strong>interpellanti</strong></span> <span class='ocrx_word' id='word_1_106' title='bbox 465 1476 611 1548; x_wconf 91' lang='lat' dir='ltr'><strong>quisquam</strong></span> <span class='ocrx_word' id='word_1_107' title='bbox 626 1476 768 1546; x_wconf 92' lang='lat' dir='ltr'><strong>impertire</strong></span> <span class='ocrx_word' id='word_1_108' title='bbox 782 1476 866 1530; x_wconf 89' lang='lat' dir='ltr'><strong>aude-</strong></span> 
     </span>
    </p>
   </div>
   <div class='ocr_carea' id='block_1_8' title="bbox 916 385 1771 1552">
    <p class='ocr_par' dir='ltr' id='par_1_9' title="bbox 916 385 1771 1552">
     <span class='ocr_line' id='line_1_18' title="bbox 920 385 1725 454; baseline 0.006 -15"><span class='ocrx_word' id='word_1_109' title='bbox 920 385 1113 441; x_wconf 83' lang='lat' dir='ltr'><strong>indeficionter</strong></span> <span class='ocrx_word' id='word_1_110' title='bbox 1145 393 1246 453; x_wconf 89' lang='lat' dir='ltr'><strong>oraret,</strong></span> <span class='ocrx_word' id='word_1_111' title='bbox 1260 386 1359 441; x_wconf 92' lang='lat' dir='ltr'><strong>mirum</strong></span> <span class='ocrx_word' id='word_1_112' title='bbox 1373 387 1460 454; x_wconf 77' lang='lat' dir='ltr'><strong>(lietu,</strong></span> <span class='ocrx_word' id='word_1_113' title='bbox 1476 386 1503 440; x_wconf 92' lang='lat' dir='ltr'><strong>in</strong></span> <span class='ocrx_word' id='word_1_114' title='bbox 1529 387 1656 444; x_wconf 88' lang='lat' dir='ltr'><strong>manibus</strong></span> <span class='ocrx_word' id='word_1_115' title='bbox 1668 389 1725 444; x_wconf 91' lang='lat' dir='ltr'><strong>suis</strong></span> 
     </span>
     <span class='ocr_line' id='line_1_19' title="bbox 919 477 1726 549; baseline 0.006 -19"><span class='ocrx_word' id='word_1_116' title='bbox 919 493 987 548; x_wconf 91' lang='lat' dir='ltr'><strong>quas</strong></span> <span class='ocrx_word' id='word_1_117' title='bbox 1013 477 1153 548; x_wconf 90' lang='lat' dir='ltr'><strong>supplices</strong></span> <span class='ocrx_word' id='word_1_118' title='bbox 1172 477 1201 532; x_wconf 92' lang='lat' dir='ltr'><strong>in</strong></span> <span class='ocrx_word' id='word_1_119' title='bbox 1221 477 1317 533; x_wconf 79' lang='lat' dir='ltr'><strong>caelum</strong></span> <span class='ocrx_word' id='word_1_120' title='bbox 1339 484 1506 549; x_wconf 86' lang='lat' dir='ltr'><strong>porrexerat,</strong></span> <span class='ocrx_word' id='word_1_121' title='bbox 1527 479 1620 535; x_wconf 89' lang='lat' dir='ltr'><strong>subito</strong></span> <span class='ocrx_word' id='word_1_122' title='bbox 1645 480 1726 535; x_wconf 84' lang='lat' dir='ltr'><strong>iure·-</strong></span> 
     </span>
     <span class='ocr_line' id='line_1_20' title="bbox 919 566 1727 639; baseline 0.005 -19"><span class='ocrx_word' id='word_1_123' title='bbox 919 566 959 620; x_wconf 91' lang='lat' dir='ltr'><strong>nit</strong></span> <span class='ocrx_word' id='word_1_124' title='bbox 973 567 1104 637; x_wconf 80' lang='lat' dir='ltr'><strong>quiddam</strong></span> <span class='ocrx_word' id='word_1_125' title='bbox 1135 566 1310 638; x_wconf 83' lang='lat' dir='ltr'><strong>reliquiarum</strong></span> <span class='ocrx_word' id='word_1_126' title='bbox 1327 583 1396 639; x_wconf 92' lang='lat' dir='ltr'><strong>quas</strong></span> <span class='ocrx_word' id='word_1_127' title='bbox 1423 575 1565 639; x_wconf 90' lang='lat' dir='ltr'><strong>tantopere</strong></span> <span class='ocrx_word' id='word_1_128' title='bbox 1582 569 1727 624; x_wconf 89' lang='lat' dir='ltr'><strong>desidera-</strong></span> 
     </span>
     <span class='ocr_line' id='line_1_21' title="bbox 918 657 1726 722; baseline 0.009 -11"><span class='ocrx_word' id='word_1_129' title='bbox 918 657 974 712; x_wconf 89' lang='lat' dir='ltr'><strong>bet.</strong></span> <span class='ocrx_word' id='word_1_130' title='bbox 992 659 1068 722; x_wconf 80' lang='lat' dir='ltr'><strong>erod</strong></span> <span class='ocrx_word' id='word_1_131' title='bbox 1095 676 1179 713; x_wconf 92' lang='lat' dir='ltr'><strong>unum</strong></span> <span class='ocrx_word' id='word_1_132' title='bbox 1197 659 1320 714; x_wconf 89' lang='lat' dir='ltr'><strong>dentium</strong></span> <span class='ocrx_word' id='word_1_133' title='bbox 1337 659 1423 714; x_wconf 88' lang='lat' dir='ltr'><strong>saneti</strong></span> <span class='ocrx_word' id='word_1_134' title='bbox 1450 659 1616 716; x_wconf 78' lang='lat' dir='ltr'><strong>confessoris</strong></span> <span class='ocrx_word' id='word_1_135' title='bbox 1641 660 1726 718; x_wconf 86' lang='lat' dir='ltr'><strong>luisse</strong></span> 
     </span>
     <span class='ocr_line' id='line_1_22' title="bbox 916 747 1726 822; baseline 0.006 -21"><span class='ocrx_word' id='word_1_136' title='bbox 916 747 1053 817; x_wconf 87' lang='lat' dir='ltr'><strong>proditum</strong></span> <span class='ocrx_word' id='word_1_137' title='bbox 1071 754 1112 803; x_wconf 87' lang='lat' dir='ltr'><strong>est</strong></span> <span class='ocrx_word' id='word_1_138' title='bbox 1127 748 1160 802; x_wconf 92' lang='lat' dir='ltr'><strong>ab</strong></span> <span class='ocrx_word' id='word_1_139' title='bbox 1175 749 1215 804; x_wconf 87' lang='lat' dir='ltr'><strong>eis</strong></span> <span class='ocrx_word' id='word_1_140' title='bbox 1236 765 1307 821; x_wconf 89' lang='lat' dir='ltr'><strong>quos</strong></span> <span class='ocrx_word' id='word_1_141' title='bbox 1320 749 1359 803; x_wconf 91' lang='lat' dir='ltr'><strong>roi</strong></span> <span class='ocrx_word' id='word_1_142' title='bbox 1376 756 1458 804; x_wconf 91' lang='lat' dir='ltr'><strong>testes</strong></span> <span class='ocrx_word' id='word_1_143' title='bbox 1477 749 1592 822; x_wconf 85' lang='lat' dir='ltr'><strong>contigit</strong></span> <span class='ocrx_word' id='word_1_144' title='bbox 1611 767 1671 806; x_wconf 89' lang='lat' dir='ltr'><strong>esse</strong></span> <span class='ocrx_word' id='word_1_145' title='bbox 1691 751 1726 786; x_wconf 70' lang='lat'><strong>⁸⁹⁴</strong></span> 
     </span>
     <span class='ocr_line' id='line_1_23' title="bbox 916 843 1724 915; baseline 0.006 -18"><span class='ocrx_word' id='word_1_146' title='bbox 916 843 985 898; x_wconf 86' lang='lat' dir='ltr'><strong>Ecce</strong></span> <span class='ocrx_word' id='word_1_147' title='bbox 1001 844 1118 915; x_wconf 91' lang='lat' dir='ltr'><strong>qualiter</strong></span> <span class='ocrx_word' id='word_1_148' title='bbox 1128 859 1184 899; x_wconf 94' lang='lat' dir='ltr'><strong>uno</strong></span> <span class='ocrx_word' id='word_1_149' title='bbox 1198 845 1242 899; x_wconf 90' lang='lat' dir='ltr'><strong>dio</strong></span> <span class='ocrx_word' id='word_1_150' title='bbox 1257 850 1284 898; x_wconf 89' lang='lat' dir='ltr'><strong>ct</strong></span> <span class='ocrx_word' id='word_1_151' title='bbox 1300 846 1360 900; x_wconf 90' lang='lat' dir='ltr'><strong>loco</strong></span> <span class='ocrx_word' id='word_1_152' title='bbox 1375 851 1494 915; x_wconf 90' lang='lat' dir='ltr'><strong>quatuor</strong></span> <span class='ocrx_word' id='word_1_153' title='bbox 1506 846 1646 901; x_wconf 86' lang='lat' dir='ltr'><strong>miraculis</strong></span> <span class='ocrx_word' id='word_1_154' title='bbox 1659 864 1724 902; x_wconf 92' lang='lat' dir='ltr'><strong>san-</strong></span> 
     </span>
     <span class='ocr_line' id='line_1_24' title="bbox 916 931 1719 1008; baseline 0.01 -24"><span class='ocrx_word' id='word_1_155' title='bbox 916 938 976 985; x_wconf 88' lang='lat' dir='ltr'><strong>ctus</strong></span> <span class='ocrx_word' id='word_1_156' title='bbox 989 939 1066 1000; x_wconf 91' lang='lat' dir='ltr'><strong>pater</strong></span> <span class='ocrx_word' id='word_1_157' title='bbox 1080 938 1173 987; x_wconf 88' lang='lat' dir='ltr'><strong>noster</strong></span> <span class='ocrx_word' id='word_1_158' title='bbox 1192 931 1349 987; x_wconf 87' lang='lat' dir='ltr'><strong>Wicbertus</strong></span> <span class='ocrx_word' id='word_1_159' title='bbox 1373 932 1541 1008; x_wconf 80' lang='lat' dir='ltr'><strong>glorificatus</strong></span> <span class='ocrx_word' id='word_1_160' title='bbox 1558 943 1599 990; x_wconf 88' lang='lat' dir='ltr'><strong>est</strong></span> <span class='ocrx_word' id='word_1_161' title='bbox 1621 937 1719 992; x_wconf 83' lang='lat' dir='ltr'><strong>alteo.</strong></span> 
     </span>
     <span class='ocr_line' id='line_1_25' title="bbox 919 1021 1725 1100; baseline 0.011 -24"><span class='ocrx_word' id='word_1_162' title='bbox 919 1021 976 1077; x_wconf 90' lang='lat' dir='ltr'><strong>Uno</strong></span> <span class='ocrx_word' id='word_1_163' title='bbox 990 1038 1040 1093; x_wconf 93' lang='lat' dir='ltr'><strong>per</strong></span> <span class='ocrx_word' id='word_1_164' title='bbox 1055 1022 1144 1076; x_wconf 91' lang='lat' dir='ltr'><strong>erucis</strong></span> <span class='ocrx_word' id='word_1_165' title='bbox 1158 1023 1185 1076; x_wconf 91' lang='lat' dir='ltr'><strong>in</strong></span> <span class='ocrx_word' id='word_1_166' title='bbox 1206 1023 1272 1078; x_wconf 77' lang='lat' dir='ltr'><strong>eaelo</strong></span> <span class='ocrx_word' id='word_1_167' title='bbox 1289 1024 1563 1093; x_wconf 88' lang='lat' dir='ltr'><strong>demonstrationem,</strong></span> <span class='ocrx_word' id='word_1_168' title='bbox 1578 1027 1663 1084; x_wconf 89' lang='lat' dir='ltr'><strong>alteru</strong></span> <span class='ocrx_word' id='word_1_169' title='bbox 1676 1045 1725 1100; x_wconf 91' lang='lat' dir='ltr'><strong>per</strong></span> 
     </span>
     <span class='ocr_line' id='line_1_26' title="bbox 916 1110 1724 1182; baseline 0.011 -19"><span class='ocrx_word' id='word_1_170' title='bbox 916 1110 1091 1165; x_wconf 89' lang='lat' dir='ltr'><strong>inimieorum</strong></span> <span class='ocrx_word' id='word_1_171' title='bbox 1120 1110 1263 1165; x_wconf 89' lang='lat' dir='ltr'><strong>hominum</strong></span> <span class='ocrx_word' id='word_1_172' title='bbox 1291 1113 1557 1182; x_wconf 75' lang='lat' dir='ltr'><strong>reconciliationem,</strong></span> <span class='ocrx_word' id='word_1_173' title='bbox 1589 1116 1668 1171; x_wconf 89' lang='lat' dir='ltr'><strong>tertio</strong></span> <span class='ocrx_word' id='word_1_174' title='bbox 1696 1117 1724 1172; x_wconf 90' lang='lat' dir='ltr'><strong>iu</strong></span> 
     </span>
     <span class='ocr_line' id='line_1_27' title="bbox 918 1200 1726 1277; baseline 0.01 -23"><span class='ocrx_word' id='word_1_175' title='bbox 918 1200 1031 1255; x_wconf 91' lang='lat' dir='ltr'><strong>muliere</strong></span> <span class='ocrx_word' id='word_1_176' title='bbox 1061 1200 1104 1256; x_wconf 91' lang='lat' dir='ltr'><strong>eui</strong></span> <span class='ocrx_word' id='word_1_177' title='bbox 1126 1209 1153 1256; x_wconf 93' lang='lat' dir='ltr'><strong>et</strong></span> <span class='ocrx_word' id='word_1_178' title='bbox 1180 1202 1265 1257; x_wconf 88' lang='lat' dir='ltr'><strong>clausi</strong></span> <span class='ocrx_word' id='word_1_179' title='bbox 1291 1212 1318 1257; x_wconf 90' lang='lat' dir='ltr'><strong>et</strong></span> <span class='ocrx_word' id='word_1_180' title='bbox 1336 1205 1423 1274; x_wconf 90' lang='lat' dir='ltr'><strong>aperti</strong></span> <span class='ocrx_word' id='word_1_181' title='bbox 1444 1206 1597 1261; x_wconf 91' lang='lat' dir='ltr'><strong>suntoculi</strong></span> <span class='ocrx_word' id='word_1_182' title='bbox 1624 1209 1726 1277; x_wconf 79' lang='lat' dir='ltr'><strong>carnia,</strong></span> 
     </span>
     <span class='ocr_line' id='line_1_28' title="bbox 917 1292 1771 1374; baseline 0.012 -29"><span class='ocrx_word' id='word_1_183' title='bbox 917 1301 1014 1364; x_wconf 89' lang='lat' dir='ltr'><strong>quarto</strong></span> <span class='ocrx_word' id='word_1_184' title='bbox 1043 1293 1070 1346; x_wconf 90' lang='lat' dir='ltr'><strong>iu</strong></span> <span class='ocrx_word' id='word_1_185' title='bbox 1090 1292 1265 1348; x_wconf 86' lang='lat' dir='ltr'><strong>exauditione</strong></span> <span class='ocrx_word' id='word_1_186' title='bbox 1292 1294 1404 1350; x_wconf 89' lang='lat' dir='ltr'><strong>alterius</strong></span> <span class='ocrx_word' id='word_1_187' title='bbox 1427 1297 1509 1352; x_wconf 90' lang='lat' dir='ltr'><strong>etiam</strong></span> <span class='ocrx_word' id='word_1_188' title='bbox 1532 1297 1666 1354; x_wconf 89' lang='lat' dir='ltr'><strong>mulieris.</strong></span> <span class='ocrx_word' id='word_1_189' title='bbox 1690 1301 1726 1355; x_wconf 85' lang='lat' dir='ltr'><strong>lte</strong></span> <span class='ocrx_word' id='word_1_190' title='bbox 1769 1368 1771 1374; x_wconf 53' lang='lat'><strong>,</strong></span> 
     </span>
     <span class='ocr_line' id='line_1_29' title="bbox 917 1383 1724 1457; baseline 0.01 -21"><span class='ocrx_word' id='word_1_191' title='bbox 917 1399 1034 1455; x_wconf 90' lang='lat' dir='ltr'><strong>quorum</strong></span> <span class='ocrx_word' id='word_1_192' title='bbox 1054 1383 1250 1439; x_wconf 87' lang='lat' dir='ltr'><strong>miraculorum</strong></span> <span class='ocrx_word' id='word_1_193' title='bbox 1277 1384 1375 1457; x_wconf 87' lang='lat' dir='ltr'><strong>gloria,</strong></span> <span class='ocrx_word' id='word_1_194' title='bbox 1402 1387 1486 1442; x_wconf 90' lang='lat' dir='ltr'><strong>hodie</strong></span> <span class='ocrx_word' id='word_1_195' title='bbox 1513 1404 1528 1442; x_wconf 91' lang='lat' dir='ltr'><strong>a</strong></span> <span class='ocrx_word' id='word_1_196' title='bbox 1553 1389 1651 1444; x_wconf 87' lang='lat' dir='ltr'><strong>Deoia</strong></span> <span class='ocrx_word' id='word_1_197' title='bbox 1678 1389 1724 1444; x_wconf 89' lang='lat' dir='ltr'><strong>tali</strong></span> 
     </span>
     <span class='ocr_line' id='line_1_30' title="bbox 918 1474 1724 1552; baseline 0.004 -23"><span class='ocrx_word' id='word_1_198' title='bbox 918 1483 1034 1546; x_wconf 91' lang='lat' dir='ltr'><strong>patrono</strong></span> <span class='ocrx_word' id='word_1_199' title='bbox 1049 1474 1130 1529; x_wconf 90' lang='lat' dir='ltr'><strong>nobis</strong></span> <span class='ocrx_word' id='word_1_200' title='bbox 1142 1489 1273 1530; x_wconf 89' lang='lat' dir='ltr'><strong>concessa</strong></span> <span class='ocrx_word' id='word_1_201' title='bbox 1288 1474 1374 1529; x_wconf 89' lang='lat' dir='ltr'><strong>nichil</strong></span> <span class='ocrx_word' id='word_1_202' title='bbox 1390 1475 1493 1542; x_wconf 89' lang='lat' dir='ltr'><strong>dicere,</strong></span> <span class='ocrx_word' id='word_1_203' title='bbox 1510 1477 1595 1532; x_wconf 88' lang='lat' dir='ltr'><strong>nichil</strong></span> <span class='ocrx_word' id='word_1_204' title='bbox 1610 1479 1724 1552; x_wconf 90' lang='lat' dir='ltr'><strong>dignum</strong></span> 
     </span>
    </p>
   </div>
   <div class='ocr_carea' id='block_1_9' title="bbox 57 1563 1728 1730">
    <p class='ocr_par' dir='ltr' id='par_1_10' title="bbox 57 1563 1728 1730">
     <span class='ocr_line' id='line_1_31' title="bbox 57 1563 1728 1639; baseline 0.001 -19"><span class='ocrx_word' id='word_1_205' title='bbox 57 1572 107 1620; x_wconf 90' lang='lat' dir='ltr'><strong>ret.</strong></span> <span class='ocrx_word' id='word_1_206' title='bbox 135 1567 202 1630; x_wconf 77' lang='lat' dir='ltr'><strong>Quia</strong></span> <span class='ocrx_word' id='word_1_207' title='bbox 225 1568 307 1639; x_wconf 84' lang='lat' dir='ltr'><strong>igitur</strong></span> <span class='ocrx_word' id='word_1_208' title='bbox 330 1569 363 1622; x_wconf 90' lang='lat' dir='ltr'><strong>de</strong></span> <span class='ocrx_word' id='word_1_209' title='bbox 389 1568 509 1624; x_wconf 90' lang='lat' dir='ltr'><strong>humano</strong></span> <span class='ocrx_word' id='word_1_210' title='bbox 530 1568 668 1637; x_wconf 81' lang='lat' dir='ltr'><strong>adjutorio</strong></span> <span class='ocrx_word' id='word_1_211' title='bbox 685 1568 758 1622; x_wconf 90' lang='lat' dir='ltr'><strong>illam</strong></span> <span class='ocrx_word' id='word_1_212' title='bbox 774 1568 864 1623; x_wconf 92' lang='lat' dir='ltr'><strong>omni·</strong></span> <span class='ocrx_word' id='word_1_213' title='bbox 918 1579 1064 1634; x_wconf 83' lang='lat' dir='ltr'><strong>possumus</strong></span> <span class='ocrx_word' id='word_1_214' title='bbox 1085 1563 1250 1630; x_wconf 81' lang='lat' dir='ltr'><strong>retribuere,</strong></span> <span class='ocrx_word' id='word_1_215' title='bbox 1269 1563 1322 1618; x_wconf 90' lang='lat' dir='ltr'><strong>uisi</strong></span> <span class='ocrx_word' id='word_1_216' title='bbox 1338 1564 1437 1619; x_wconf 82' lang='lat' dir='ltr'><strong>utluec</strong></span> <span class='ocrx_word' id='word_1_217' title='bbox 1451 1565 1498 1619; x_wconf 84' lang='lat' dir='ltr'><strong>llei</strong></span> <span class='ocrx_word' id='word_1_218' title='bbox 1514 1580 1598 1635; x_wconf 89' lang='lat' dir='ltr'><strong>opera</strong></span> <span class='ocrx_word' id='word_1_219' title='bbox 1618 1565 1664 1620; x_wconf 83' lang='lat' dir='ltr'><strong>llei</strong></span> <span class='ocrx_word' id='word_1_220' title='bbox 1685 1566 1728 1621; x_wconf 86' lang='lat' dir='ltr'><strong>f-</strong></span> 
     </span>
     <span class='ocr_line' id='line_1_32' title="bbox 57 1631 1727 1730; baseline 0.003 -22"><span class='ocrx_word' id='word_1_221' title='bbox 57 1655 139 1709; x_wconf 89' lang='lat' dir='ltr'><strong>moda</strong></span> <span class='ocrx_word' id='word_1_222' title='bbox 153 1664 335 1727; x_wconf 84' lang='lat' dir='ltr'><strong>occupaverat</strong></span> <span class='ocrx_word' id='word_1_223' title='bbox 353 1656 519 1728; x_wconf 87' lang='lat' dir='ltr'><strong>desperatio.</strong></span> <span class='ocrx_word' id='word_1_224' title='bbox 548 1657 632 1711; x_wconf 85' lang='lat' dir='ltr'><strong>[teum</strong></span> <span class='ocrx_word' id='word_1_225' title='bbox 656 1656 865 1727; x_wconf 86' lang='lat' dir='ltr'><strong>precordialiter</strong></span> <span class='ocrx_word' id='word_1_226' title='bbox 879 1631 905 1699; x_wconf 76' lang='grc' dir='ltr'><strong>Β</strong></span> <span class='ocrx_word' id='word_1_227' title='bbox 919 1665 1025 1711; x_wconf 87' lang='lat' dir='ltr'><strong>teamur</strong></span> <span class='ocrx_word' id='word_1_228' title='bbox 1040 1670 1102 1710; x_wconf 85' lang='lat' dir='ltr'><strong>esse</strong></span> <span class='ocrx_word' id='word_1_229' title='bbox 1125 1655 1267 1722; x_wconf 89' lang='lat' dir='ltr'><strong>miracula,</strong></span> <span class='ocrx_word' id='word_1_230' title='bbox 1288 1655 1335 1727; x_wconf 92' lang='lat' dir='ltr'><strong>qui</strong></span> <span class='ocrx_word' id='word_1_231' title='bbox 1352 1655 1379 1710; x_wconf 91' lang='lat' dir='ltr'><strong>in</strong></span> <span class='ocrx_word' id='word_1_232' title='bbox 1399 1655 1503 1711; x_wconf 88' lang='lat' dir='ltr'><strong>sanctis</strong></span> <span class='ocrx_word' id='word_1_233' title='bbox 1518 1657 1576 1711; x_wconf 92' lang='lat' dir='ltr'><strong>suis</strong></span> <span class='ocrx_word' id='word_1_234' title='bbox 1590 1657 1727 1730; x_wconf 89' lang='lat' dir='ltr'><strong>gloriosus</strong></span> 
     </span>
    </p>
   </div>
   <div class='ocr_carea' id='block_1_10' title="bbox 55 1748 1596 1837">
    <p class='ocr_par' dir='ltr' id='par_1_11' title="bbox 55 1748 1596 1837">
     <span class='ocr_line' id='line_1_33' title="bbox 55 1748 1596 1837; baseline 0 -33"><span class='ocrx_word' id='word_1_235' title='bbox 55 1750 153 1804; x_wconf 88' lang='lat' dir='ltr'><strong>orabat</strong></span> <span class='ocrx_word' id='word_1_236' title='bbox 169 1766 204 1805; x_wconf 91' lang='lat' dir='ltr'><strong>ne</strong></span> <span class='ocrx_word' id='word_1_237' title='bbox 224 1750 428 1807; x_wconf 84' lang='lat' dir='ltr'><strong>lraudaretura</strong></span> <span class='ocrx_word' id='word_1_238' title='bbox 452 1751 590 1807; x_wconf 89' lang='lat' dir='ltr'><strong>desiderio</strong></span> <span class='ocrx_word' id='word_1_239' title='bbox 610 1765 670 1806; x_wconf 86' lang='lat' dir='ltr'><strong>suo.</strong></span> <span class='ocrx_word' id='word_1_240' title='bbox 692 1751 759 1837; x_wconf 82' lang='lat' dir='ltr'><strong>llum</strong></span> <span class='ocrx_word' id='word_1_241' title='bbox 773 1759 863 1806; x_wconf 82' lang='lat' dir='ltr'><strong>auteur</strong></span> <span class='ocrx_word' id='word_1_242' title='bbox 914 1749 980 1806; x_wconf 82' lang='lat' dir='ltr'><strong>uiuit</strong></span> <span class='ocrx_word' id='word_1_243' title='bbox 996 1756 1023 1804; x_wconf 91' lang='lat' dir='ltr'><strong>et</strong></span> <span class='ocrx_word' id='word_1_244' title='bbox 1036 1757 1133 1823; x_wconf 88' lang='lat' dir='ltr'><strong>regnat</strong></span> <span class='ocrx_word' id='word_1_245' title='bbox 1151 1748 1294 1804; x_wconf 81' lang='lat' dir='ltr'><strong>insaecula</strong></span> <span class='ocrx_word' id='word_1_246' title='bbox 1308 1749 1482 1805; x_wconf 77' lang='lat' dir='ltr'><strong>saeculorum.</strong></span> <span class='ocrx_word' id='word_1_247' title='bbox 1498 1751 1596 1805; x_wconf 78' lang='lat' dir='ltr'><strong>Amen.</strong></span> 
     </span>
    </p>
   </div>
   <div class='ocr_carea' id='block_1_11' title="bbox 528 1994 1256 2117">
    <p class='ocr_par' dir='ltr' id='par_1_12' title="bbox 528 1994 1256 2117">
     <span class='ocr_line' id='line_1_34' title="bbox 528 1994 1256 2117; baseline -0.011 -32"><span class='ocrx_word' id='word_1_248' title='bbox 528 1997 840 2087; x_wconf 79' lang='lat' dir='ltr'><strong>MIRACULA</strong></span> <span class='ocrx_word' id='word_1_249' title='bbox 873 1995 918 2085; x_wconf 92' lang='lat' dir='ltr'><strong>S.</strong></span> <span class='ocrx_word' id='word_1_250' title='bbox 956 1994 1256 2117; x_wconf 25' lang='lat' dir='ltr'><strong>turcana-TI</strong></span> 
     </span>
    </p>
   </div>
   <div class='ocr_carea' id='block_1_12' title="bbox 701 2145 1084 2204">
    <p class='ocr_par' dir='ltr' id='par_1_13' title="bbox 701 2145 1084 2204">
     <span class='ocr_line' id='line_1_35' title="bbox 701 2145 1084 2204; baseline -0.008 -1"><span class='ocrx_word' id='word_1_251' title='bbox 701 2145 851 2204; x_wconf 76' lang='lat' dir='ltr'>AUCTORE</span> <span class='ocrx_word' id='word_1_252' title='bbox 871 2145 1029 2200; x_wconf 81' lang='lat' dir='ltr'><strong>lhotttttu</strong></span> <span class='ocrx_word' id='word_1_253' title='bbox 1050 2146 1084 2181; x_wconf 72' lang='lat'><strong>⁸⁰³</strong></span> 
     </span>
    </p>
   </div>
   <div class='ocr_carea' id='block_1_13' title="bbox 322 2394 1415 2459">
    <p class='ocr_par' dir='ltr' id='par_1_14' title="bbox 322 2394 1415 2459">
     <span class='ocr_line' id='line_1_36' title="bbox 322 2394 1415 2459; baseline -0.003 0"><span class='ocrx_word' id='word_1_254' title='bbox 322 2394 538 2459; x_wconf 76' lang='lat' dir='ltr'><strong>‚euoluens</strong></span> <span class='ocrx_word' id='word_1_255' title='bbox 561 2394 757 2457; x_wconf 69' lang='lat' dir='ltr'><strong>statuunt-tlt</strong></span> <span class='ocrx_word' id='word_1_256' title='bbox 781 2395 819 2456; x_wconf 81' lang='lat' dir='ltr'><strong>tt</strong></span> <span class='ocrx_word' id='word_1_257' title='bbox 842 2396 1044 2459; x_wconf 81' lang='lat' dir='ltr'><strong>llllthULlS</strong></span> <span class='ocrx_word' id='word_1_258' title='bbox 1066 2395 1200 2458; x_wconf 74' lang='lat' dir='ltr'><strong>SANCTl</strong></span> <span class='ocrx_word' id='word_1_259' title='bbox 1222 2394 1415 2458; x_wconf 69' lang='lat' dir='ltr'><strong>Gutuutatt,</strong></span> 
     </span>
    </p>
   </div>
   <div class='ocr_carea' id='block_1_14' title="bbox 48 2531 869 3521">
    <p class='ocr_par' dir='ltr' id='par_1_15' title="bbox 48 2531 869 3521">
     <span class='ocr_line' id='line_1_37' title="bbox 94 2531 866 2604; baseline 0.003 -17"><span class='ocrx_word' id='word_1_260' title='bbox 94 2532 163 2587; x_wconf 83' lang='lat' dir='ltr'><strong>llicit</strong></span> <span class='ocrx_word' id='word_1_261' title='bbox 201 2531 357 2602; x_wconf 85' lang='lat' dir='ltr'><strong>Sapientia:</strong></span> <span class='ocrx_word' id='word_1_262' title='bbox 393 2533 525 2587; x_wconf 83' lang='lat' dir='ltr'><strong>lllernoric</strong></span> <span class='ocrx_word' id='word_1_263' title='bbox 553 2533 625 2604; x_wconf 79' lang='lat' dir='ltr'><strong>justi</strong></span> <span class='ocrx_word' id='word_1_264' title='bbox 650 2551 709 2589; x_wconf 89' lang='lat' dir='ltr'><strong>cnm</strong></span> <span class='ocrx_word' id='word_1_265' title='bbox 729 2534 866 2603; x_wconf 83' lang='lat' dir='ltr'><strong>leudibus,</strong></span> 
     </span>
     <span class='ocr_line' id='line_1_38' title="bbox 49 2623 868 2692; baseline 0.002 -16"><span class='ocrx_word' id='word_1_266' title='bbox 49 2637 152 2677; x_wconf 83' lang='lat' dir='ltr'><strong>nomeu</strong></span> <span class='ocrx_word' id='word_1_267' title='bbox 172 2624 318 2691; x_wconf 81' lang='lat' dir='ltr'><strong>impiorum</strong></span> <span class='ocrx_word' id='word_1_268' title='bbox 331 2627 467 2691; x_wconf 76' lang='lat' dir='ltr'><strong>partreacet</strong></span> <span class='ocrx_word' id='word_1_269' title='bbox 482 2623 570 2692; x_wconf 70' lang='lat' dir='ltr'><strong>(lhuu.</strong></span> <span class='ocrx_word' id='word_1_270' title='bbox 595 2640 622 2687; x_wconf 81' lang='lat' dir='ltr'><strong>x,</strong></span> <span class='ocrx_word' id='word_1_271' title='bbox 640 2624 675 2688; x_wconf 69' lang='lat' dir='ltr'><strong>lt.</strong></span> <span class='ocrx_word' id='word_1_272' title='bbox 691 2623 790 2678; x_wconf 88' lang='lat' dir='ltr'><strong>Verum</strong></span> <span class='ocrx_word' id='word_1_273' title='bbox 808 2639 868 2678; x_wconf 88' lang='lat' dir='ltr'><strong>esse</strong></span> 
     </span>
     <span class='ocr_line' id='line_1_39' title="bbox 56 2709 869 2782; baseline 0.004 -19"><span class='ocrx_word' id='word_1_274' title='bbox 56 2710 131 2782; x_wconf 90' lang='lat' dir='ltr'><strong>quod</strong></span> <span class='ocrx_word' id='word_1_275' title='bbox 159 2709 225 2764; x_wconf 78' lang='lat' dir='ltr'><strong>elicit</strong></span> <span class='ocrx_word' id='word_1_276' title='bbox 244 2711 385 2781; x_wconf 86' lang='lat' dir='ltr'><strong>Sapientia</strong></span> <span class='ocrx_word' id='word_1_277' title='bbox 411 2717 545 2765; x_wconf 85' lang='lat' dir='ltr'><strong>testantur</strong></span> <span class='ocrx_word' id='word_1_278' title='bbox 571 2711 652 2766; x_wconf 91' lang='lat' dir='ltr'><strong>etiam</strong></span> <span class='ocrx_word' id='word_1_279' title='bbox 678 2722 771 2766; x_wconf 90' lang='lat' dir='ltr'><strong>nostra</strong></span> <span class='ocrx_word' id='word_1_280' title='bbox 798 2718 869 2768; x_wconf 89' lang='lat' dir='ltr'><strong>tem·</strong></span> 
     </span>
     <span class='ocr_line' id='line_1_40' title="bbox 55 2803 866 2873; baseline 0.002 -17"><span class='ocrx_word' id='word_1_281' title='bbox 55 2817 135 2872; x_wconf 90' lang='lat' dir='ltr'><strong>pora,</strong></span> <span class='ocrx_word' id='word_1_282' title='bbox 151 2818 212 2873; x_wconf 74' lang='lat' dir='ltr'><strong>quae</strong></span> <span class='ocrx_word' id='word_1_283' title='bbox 235 2819 297 2857; x_wconf 93' lang='lat' dir='ltr'><strong>cum</strong></span> <span class='ocrx_word' id='word_1_284' title='bbox 319 2803 448 2857; x_wconf 89' lang='lat' dir='ltr'><strong>laudibus</strong></span> <span class='ocrx_word' id='word_1_285' title='bbox 469 2803 516 2858; x_wconf 85' lang='lat' dir='ltr'><strong>llei</strong></span> <span class='ocrx_word' id='word_1_286' title='bbox 549 2804 676 2860; x_wconf 90' lang='lat' dir='ltr'><strong>recolunt</strong></span> <span class='ocrx_word' id='word_1_287' title='bbox 704 2804 866 2860; x_wconf 91' lang='lat' dir='ltr'><strong>memoriam</strong></span> 
     </span>
     <span class='ocr_line' id='line_1_41' title="bbox 52 2890 868 2965; baseline 0.002 -21"><span class='ocrx_word' id='word_1_288' title='bbox 52 2890 132 2958; x_wconf 81' lang='lat' dir='ltr'><strong>justi,</strong></span> <span class='ocrx_word' id='word_1_289' title='bbox 161 2891 248 2945; x_wconf 90' lang='lat' dir='ltr'><strong>sancti</strong></span> <span class='ocrx_word' id='word_1_290' title='bbox 280 2891 387 2946; x_wconf 84' lang='lat' dir='ltr'><strong>scilicet</strong></span> <span class='ocrx_word' id='word_1_291' title='bbox 413 2891 554 2954; x_wconf 85' lang='lat' dir='ltr'><strong>Wieberti,</strong></span> <span class='ocrx_word' id='word_1_292' title='bbox 585 2893 631 2965; x_wconf 89' lang='lat' dir='ltr'><strong>qui</strong></span> <span class='ocrx_word' id='word_1_293' title='bbox 660 2892 711 2948; x_wconf 88' lang='lat' dir='ltr'><strong>luit</strong></span> <span class='ocrx_word' id='word_1_294' title='bbox 739 2892 868 2948; x_wconf 86' lang='lat' dir='ltr'><strong>fundator</strong></span> 
     </span>
     <span class='ocr_line' id='line_1_42' title="bbox 57 2983 867 3057; baseline 0.006 -22"><span class='ocrx_word' id='word_1_295' title='bbox 57 2983 289 3038; x_wconf 80' lang='lat' dir='ltr'><strong>Gemmolacensis</strong></span> <span class='ocrx_word' id='word_1_296' title='bbox 303 2984 432 3039; x_wconf 74' lang='lat' dir='ltr'><strong>caenobii.</strong></span> <span class='ocrx_word' id='word_1_297' title='bbox 461 2985 519 3039; x_wconf 87' lang='lat' dir='ltr'><strong>llou</strong></span> <span class='ocrx_word' id='word_1_298' title='bbox 535 2985 609 3039; x_wconf 89' lang='lat' dir='ltr'><strong>enim</strong></span> <span class='ocrx_word' id='word_1_299' title='bbox 623 2985 793 3057; x_wconf 91' lang='lat' dir='ltr'><strong>computruit</strong></span> <span class='ocrx_word' id='word_1_300' title='bbox 815 2999 867 3040; x_wconf 89' lang='lat' dir='ltr'><strong>no·</strong></span> 
     </span>
     <span class='ocr_line' id='line_1_43' title="bbox 56 3078 868 3153; baseline 0.004 -22"><span class='ocrx_word' id='word_1_301' title='bbox 56 3093 120 3132; x_wconf 89' lang='lat' dir='ltr'><strong>meu</strong></span> <span class='ocrx_word' id='word_1_302' title='bbox 147 3078 207 3148; x_wconf 86' lang='lat' dir='ltr'><strong>ejus</strong></span> <span class='ocrx_word' id='word_1_303' title='bbox 239 3095 288 3148; x_wconf 88' lang='lat' dir='ltr'><strong>per</strong></span> <span class='ocrx_word' id='word_1_304' title='bbox 321 3085 360 3134; x_wconf 91' lang='lat' dir='ltr'><strong>tot</strong></span> <span class='ocrx_word' id='word_1_305' title='bbox 381 3094 518 3134; x_wconf 91' lang='lat' dir='ltr'><strong>annorum</strong></span> <span class='ocrx_word' id='word_1_306' title='bbox 546 3080 693 3145; x_wconf 86' lang='lat' dir='ltr'><strong>curricula,</strong></span> <span class='ocrx_word' id='word_1_307' title='bbox 721 3096 868 3153; x_wconf 88' lang='lat' dir='ltr'><strong>perquem</strong></span> 
     </span>
     <span class='ocr_line' id='line_1_44' title="bbox 58 3167 868 3225; baseline 0.004 -4"><span class='ocrx_word' id='word_1_308' title='bbox 58 3167 160 3222; x_wconf 87' lang='lat' dir='ltr'><strong>nom&#39;en</strong></span> <span class='ocrx_word' id='word_1_309' title='bbox 181 3168 290 3222; x_wconf 85' lang='lat' dir='ltr'><strong>llornini</strong></span> <span class='ocrx_word' id='word_1_310' title='bbox 306 3168 481 3223; x_wconf 84' lang='lat' dir='ltr'><strong>benedicitur</strong></span> <span class='ocrx_word' id='word_1_311' title='bbox 496 3178 523 3224; x_wconf 91' lang='lat' dir='ltr'><strong>et</strong></span> <span class='ocrx_word' id='word_1_312' title='bbox 533 3168 714 3225; x_wconf 88' lang='lat' dir='ltr'><strong>benedicetur</strong></span> <span class='ocrx_word' id='word_1_313' title='bbox 728 3169 756 3224; x_wconf 93' lang='lat' dir='ltr'><strong>in</strong></span> <span class='ocrx_word' id='word_1_314' title='bbox 776 3185 868 3224; x_wconf 80' lang='lat' dir='ltr'><strong>saecu-</strong></span> 
     </span>
     <span class='ocr_line' id='line_1_45' title="bbox 57 3261 868 3334; baseline 0.004 -19"><span class='ocrx_word' id='word_1_315' title='bbox 57 3261 93 3316; x_wconf 89' lang='lat' dir='ltr'><strong>la.</strong></span> <span class='ocrx_word' id='word_1_316' title='bbox 113 3263 190 3317; x_wconf 70' lang='lat' dir='ltr'><strong>rinno</strong></span> <span class='ocrx_word' id='word_1_317' title='bbox 206 3263 343 3333; x_wconf 89' lang='lat' dir='ltr'><strong>siquidem</strong></span> <span class='ocrx_word' id='word_1_318' title='bbox 362 3264 501 3318; x_wconf 88' lang='lat' dir='ltr'><strong>incarnata</strong></span> <span class='ocrx_word' id='word_1_319' title='bbox 513 3264 578 3319; x_wconf 84' lang='lat' dir='ltr'><strong>lesu</strong></span> <span class='ocrx_word' id='word_1_320' title='bbox 600 3263 697 3319; x_wconf 86' lang='lat' dir='ltr'><strong>Christi</strong></span> <span class='ocrx_word' id='word_1_321' title='bbox 722 3265 802 3318; x_wconf 84' lang='grc'><strong>1099.</strong></span> <span class='ocrx_word' id='word_1_322' title='bbox 821 3263 868 3334; x_wconf 91' lang='lat' dir='ltr'><strong>qui</strong></span> 
     </span>
     <span class='ocr_line' id='line_1_46' title="bbox 48 3354 868 3423; baseline 0 -14"><span class='ocrx_word' id='word_1_323' title='bbox 48 3361 98 3409; x_wconf 90' lang='lat' dir='ltr'><strong>-est</strong></span> <span class='ocrx_word' id='word_1_324' title='bbox 114 3354 162 3410; x_wconf 83' lang='lat' dir='ltr'><strong>tat</strong></span> <span class='ocrx_word' id='word_1_325' title='bbox 179 3372 193 3409; x_wconf 93' lang='lat' dir='ltr'><strong>a</strong></span> <span class='ocrx_word' id='word_1_326' title='bbox 211 3356 327 3410; x_wconf 89' lang='lat' dir='ltr'><strong>transitu</strong></span> <span class='ocrx_word' id='word_1_327' title='bbox 344 3356 467 3423; x_wconf 79' lang='lat' dir='ltr'><strong>eiusdem</strong></span> <span class='ocrx_word' id='word_1_328' title='bbox 482 3355 569 3411; x_wconf 90' lang='lat' dir='ltr'><strong>sancti</strong></span> <span class='ocrx_word' id='word_1_329' title='bbox 588 3355 729 3422; x_wconf 90' lang='lat' dir='ltr'><strong>Wieberti,</strong></span> <span class='ocrx_word' id='word_1_330' title='bbox 746 3355 868 3411; x_wconf 76' lang='lat' dir='ltr'><strong>refloruit</strong></span> 
     </span>
     <span class='ocr_line' id='line_1_47' title="bbox 57 3449 869 3521; baseline -0.001 -18"><span class='ocrx_word' id='word_1_331' title='bbox 57 3449 193 3504; x_wconf 90' lang='lat' dir='ltr'><strong>memoria</strong></span> <span class='ocrx_word' id='word_1_332' title='bbox 210 3449 330 3505; x_wconf 88' lang='lat' dir='ltr'><strong>nominis</strong></span> <span class='ocrx_word' id='word_1_333' title='bbox 343 3449 403 3518; x_wconf 88' lang='lat' dir='ltr'><strong>ejus</strong></span> <span class='ocrx_word' id='word_1_334' title='bbox 416 3465 466 3519; x_wconf 90' lang='lat' dir='ltr'><strong>per</strong></span> <span class='ocrx_word' id='word_1_335' title='bbox 480 3464 578 3504; x_wconf 85' lang='lat' dir='ltr'><strong>nouam</strong></span> <span class='ocrx_word' id='word_1_336' title='bbox 593 3449 788 3503; x_wconf 90' lang='lat' dir='ltr'><strong>miraculorum</strong></span> <span class='ocrx_word' id='word_1_337' title='bbox 804 3464 869 3521; x_wconf 83' lang='lat' dir='ltr'><strong>gra·</strong></span> 
     </span>
    </p>
   </div>
   <div class='ocr_carea' id='block_1_15' title="bbox 917 2536 1729 3255">
    <p class='ocr_par' dir='ltr' id='par_1_16' title="bbox 917 2536 1729 3255">
     <span class='ocr_line' id='line_1_48' title="bbox 918 2536 1724 2602; baseline 0.002 -12"><span class='ocrx_word' id='word_1_338' title='bbox 918 2536 982 2590; x_wconf 89' lang='lat' dir='ltr'><strong>tiam</strong></span> <span class='ocrx_word' id='word_1_339' title='bbox 1001 2536 1148 2600; x_wconf 88' lang='lat' dir='ltr'><strong>declarata.</strong></span> <span class='ocrx_word' id='word_1_340' title='bbox 1173 2536 1301 2602; x_wconf 80' lang='lat' dir='ltr'><strong>Quamuis</strong></span> <span class='ocrx_word' id='word_1_341' title='bbox 1321 2537 1401 2597; x_wconf 80' lang='lat' dir='ltr'><strong>bona</strong></span> <span class='ocrx_word' id='word_1_342' title='bbox 1426 2536 1489 2592; x_wconf 77' lang='lat' dir='ltr'><strong>rita</strong></span> <span class='ocrx_word' id='word_1_343' title='bbox 1503 2538 1647 2594; x_wconf 86' lang='lat' dir='ltr'><strong>aestimatio</strong></span> <span class='ocrx_word' id='word_1_344' title='bbox 1668 2554 1724 2595; x_wconf 93' lang='lat' dir='ltr'><strong>non</strong></span> 
     </span>
     <span class='ocr_line' id='line_1_49' title="bbox 917 2627 1726 2697; baseline 0.004 -15"><span class='ocrx_word' id='word_1_345' title='bbox 917 2637 1027 2682; x_wconf 87' lang='lat' dir='ltr'><strong>constet</strong></span> <span class='ocrx_word' id='word_1_346' title='bbox 1053 2627 1081 2683; x_wconf 91' lang='lat' dir='ltr'><strong>in</strong></span> <span class='ocrx_word' id='word_1_347' title='bbox 1097 2628 1257 2684; x_wconf 88' lang='lat' dir='ltr'><strong>ostensione</strong></span> <span class='ocrx_word' id='word_1_348' title='bbox 1279 2628 1486 2697; x_wconf 90' lang='lat' dir='ltr'><strong>miraculorum,</strong></span> <span class='ocrx_word' id='word_1_349' title='bbox 1507 2630 1603 2684; x_wconf 91' lang='lat' dir='ltr'><strong>sedin</strong></span> <span class='ocrx_word' id='word_1_350' title='bbox 1626 2629 1726 2686; x_wconf 85' lang='lat' dir='ltr'><strong>virtute</strong></span> 
     </span>
     <span class='ocr_line' id='line_1_50' title="bbox 918 2721 1726 2792; baseline 0 -16"><span class='ocrx_word' id='word_1_351' title='bbox 918 2736 1044 2791; x_wconf 92' lang='lat' dir='ltr'><strong>operum,</strong></span> <span class='ocrx_word' id='word_1_352' title='bbox 1062 2728 1152 2777; x_wconf 80' lang='lat' dir='ltr'><strong>tanrmi</strong></span> <span class='ocrx_word' id='word_1_353' title='bbox 1169 2721 1299 2777; x_wconf 91' lang='lat' dir='ltr'><strong>miracula</strong></span> <span class='ocrx_word' id='word_1_354' title='bbox 1319 2738 1368 2792; x_wconf 90' lang='lat' dir='ltr'><strong>per</strong></span> <span class='ocrx_word' id='word_1_355' title='bbox 1382 2728 1492 2778; x_wconf 88' lang='lat' dir='ltr'><strong>sanctos</strong></span> <span class='ocrx_word' id='word_1_356' title='bbox 1507 2722 1580 2777; x_wconf 82' lang='lat' dir='ltr'><strong>uiros</strong></span> <span class='ocrx_word' id='word_1_357' title='bbox 1594 2722 1726 2777; x_wconf 81' lang='lat' dir='ltr'><strong>divinitus</strong></span> 
     </span>
     <span class='ocr_line' id='line_1_51' title="bbox 917 2812 1726 2885; baseline 0.002 -18"><span class='ocrx_word' id='word_1_358' title='bbox 917 2821 1028 2868; x_wconf 87' lang='lat' dir='ltr'><strong>ostansa</strong></span> <span class='ocrx_word' id='word_1_359' title='bbox 1049 2823 1113 2867; x_wconf 89' lang='lat' dir='ltr'><strong>suut</strong></span> <span class='ocrx_word' id='word_1_360' title='bbox 1127 2812 1264 2869; x_wconf 91' lang='lat' dir='ltr'><strong>bonorum</strong></span> <span class='ocrx_word' id='word_1_361' title='bbox 1281 2829 1396 2885; x_wconf 92' lang='lat' dir='ltr'><strong>operum</strong></span> <span class='ocrx_word' id='word_1_362' title='bbox 1412 2814 1569 2870; x_wconf 79' lang='lat' dir='ltr'><strong>testimonia</strong></span> <span class='ocrx_word' id='word_1_363' title='bbox 1599 2815 1654 2870; x_wconf 90' lang='lat' dir='ltr'><strong>Nec</strong></span> <span class='ocrx_word' id='word_1_364' title='bbox 1669 2815 1726 2870; x_wconf 82' lang='lat' dir='ltr'><strong>irrr-</strong></span> 
     </span>
     <span class='ocr_line' id='line_1_52' title="bbox 917 2902 1725 2972; baseline 0.002 -16"><span class='ocrx_word' id='word_1_365' title='bbox 917 2909 971 2956; x_wconf 88' lang='lat' dir='ltr'><strong>stra</strong></span> <span class='ocrx_word' id='word_1_366' title='bbox 991 2903 1092 2957; x_wconf 86' lang='lat' dir='ltr'><strong>Paulus</strong></span> <span class='ocrx_word' id='word_1_367' title='bbox 1111 2902 1252 2972; x_wconf 87' lang='lat' dir='ltr'><strong>apostolus</strong></span> <span class='ocrx_word' id='word_1_368' title='bbox 1267 2903 1316 2957; x_wconf 89' lang='lat' dir='ltr'><strong>ait.</strong></span> <span class='ocrx_word' id='word_1_369' title='bbox 1334 2903 1420 2971; x_wconf 78' lang='lat' dir='ltr'><strong>Siqua</strong></span> <span class='ocrx_word' id='word_1_370' title='bbox 1438 2919 1492 2958; x_wconf 82' lang='lat' dir='ltr'><strong>nort</strong></span> <span class='ocrx_word' id='word_1_371' title='bbox 1505 2905 1608 2959; x_wconf 86' lang='lat' dir='ltr'><strong>duntur·</strong></span> <span class='ocrx_word' id='word_1_372' title='bbox 1631 2904 1725 2972; x_wconf 74' lang='lat' dir='ltr'><strong>fideli·</strong></span> 
     </span>
     <span class='ocr_line' id='line_1_53' title="bbox 919 2995 1726 3068; baseline 0.004 -19"><span class='ocrx_word' id='word_1_373' title='bbox 919 2996 976 3058; x_wconf 84' lang='lat' dir='ltr'><strong>bna,</strong></span> <span class='ocrx_word' id='word_1_374' title='bbox 988 2997 1034 3050; x_wconf 86' lang='lat' dir='ltr'><strong>sed</strong></span> <span class='ocrx_word' id='word_1_375' title='bbox 1049 2997 1200 3065; x_wconf 73' lang='lat' dir='ltr'><strong>irrfidelihus</strong></span> <span class='ocrx_word' id='word_1_376' title='bbox 1215 2995 1240 3065; x_wconf 89' lang='lat' dir='ltr'><strong>(l</strong></span> <span class='ocrx_word' id='word_1_377' title='bbox 1259 2995 1319 3051; x_wconf 82' lang='lat' dir='ltr'><strong>Cor.</strong></span> <span class='ocrx_word' id='word_1_378' title='bbox 1335 3013 1390 3061; x_wconf 83' lang='lat' dir='ltr'><strong>xrr,</strong></span> <span class='ocrx_word' id='word_1_379' title='bbox 1407 2995 1461 3068; x_wconf 59' lang='grc' dir='ltr'><strong>Ἠ).</strong></span> <span class='ocrx_word' id='word_1_380' title='bbox 1478 2996 1576 3062; x_wconf 81' lang='lat' dir='ltr'><strong>Quanti</strong></span> <span class='ocrx_word' id='word_1_381' title='bbox 1591 2997 1663 3051; x_wconf 90' lang='lat' dir='ltr'><strong>enim</strong></span> <span class='ocrx_word' id='word_1_382' title='bbox 1679 3013 1726 3052; x_wconf 84' lang='lat' dir='ltr'><strong>ra-</strong></span> 
     </span>
     <span class='ocr_line' id='line_1_54' title="bbox 918 3083 1729 3156; baseline 0.005 -18"><span class='ocrx_word' id='word_1_383' title='bbox 918 3084 1015 3140; x_wconf 89' lang='lat' dir='ltr'><strong>luisset</strong></span> <span class='ocrx_word' id='word_1_384' title='bbox 1036 3083 1102 3140; x_wconf 81' lang='lat' dir='ltr'><strong>fidei</strong></span> <span class='ocrx_word' id='word_1_385' title='bbox 1122 3086 1291 3156; x_wconf 81' lang='lat' dir='ltr'><strong>praedicatio,</strong></span> <span class='ocrx_word' id='word_1_386' title='bbox 1308 3086 1362 3140; x_wconf 93' lang='lat' dir='ltr'><strong>nisi</strong></span> <span class='ocrx_word' id='word_1_387' title='bbox 1379 3086 1414 3140; x_wconf 92' lang='lat' dir='ltr'><strong>ad</strong></span> <span class='ocrx_word' id='word_1_388' title='bbox 1438 3086 1665 3156; x_wconf 77' lang='lat' dir='ltr'><strong>pradicationem</strong></span> <span class='ocrx_word' id='word_1_389' title='bbox 1686 3102 1729 3142; x_wconf 92' lang='lat' dir='ltr'><strong>ac-</strong></span> 
     </span>
     <span class='ocr_line' id='line_1_55' title="bbox 919 3177 1728 3255; baseline 0.001 -22"><span class='ocrx_word' id='word_1_390' title='bbox 919 3179 1046 3233; x_wconf 86' lang='lat' dir='ltr'><strong>cessisset</strong></span> <span class='ocrx_word' id='word_1_391' title='bbox 1072 3178 1266 3235; x_wconf 86' lang='lat' dir='ltr'><strong>miraculorum</strong></span> <span class='ocrx_word' id='word_1_392' title='bbox 1299 3177 1443 3234; x_wconf 76' lang='lat' dir='ltr'><strong>ostensio?</strong></span> <span class='ocrx_word' id='word_1_393' title='bbox 1473 3179 1538 3234; x_wconf 85' lang='lat' dir='ltr'><strong>Cum</strong></span> <span class='ocrx_word' id='word_1_394' title='bbox 1561 3196 1627 3255; x_wconf 90' lang='lat' dir='ltr'><strong>ergo</strong></span> <span class='ocrx_word' id='word_1_395' title='bbox 1658 3181 1728 3235; x_wconf 85' lang='lat' dir='ltr'><strong>Deus</strong></span> 
     </span>
    </p>
   </div>
   <div class='ocr_carea' id='block_1_16' title="bbox 918 3270 1729 3520">
    <p class='ocr_par' dir='ltr' id='par_1_17' title="bbox 918 3270 1729 3520">
     <span class='ocr_line' id='line_1_56' title="bbox 920 3270 1728 3345; baseline 0.001 -20"><span class='ocrx_word' id='word_1_396' title='bbox 920 3287 968 3341; x_wconf 90' lang='lat' dir='ltr'><strong>per</strong></span> <span class='ocrx_word' id='word_1_397' title='bbox 981 3276 1091 3325; x_wconf 87' lang='lat' dir='ltr'><strong>sanctos</strong></span> <span class='ocrx_word' id='word_1_398' title='bbox 1105 3270 1179 3325; x_wconf 79' lang='lat' dir='ltr'><strong>uiros</strong></span> <span class='ocrx_word' id='word_1_399' title='bbox 1191 3271 1269 3343; x_wconf 85' lang='lat' dir='ltr'><strong>sigua</strong></span> <span class='ocrx_word' id='word_1_400' title='bbox 1285 3277 1312 3325; x_wconf 90' lang='lat' dir='ltr'><strong>et</strong></span> <span class='ocrx_word' id='word_1_401' title='bbox 1328 3270 1454 3345; x_wconf 90' lang='lat' dir='ltr'><strong>prodigia</strong></span> <span class='ocrx_word' id='word_1_402' title='bbox 1475 3279 1616 3342; x_wconf 87' lang='lat' dir='ltr'><strong>operatur,</strong></span> <span class='ocrx_word' id='word_1_403' title='bbox 1632 3288 1728 3326; x_wconf 85' lang='lat' dir='ltr'><strong>reuera</strong></span> 
     </span>
     <span class='ocr_line' id='line_1_57' title="bbox 919 3358 1729 3429; baseline -0.001 -16"><span class='ocrx_word' id='word_1_404' title='bbox 919 3358 1068 3414; x_wconf 84' lang='lat' dir='ltr'><strong>infidelitas</strong></span> <span class='ocrx_word' id='word_1_405' title='bbox 1083 3359 1226 3414; x_wconf 91' lang='lat' dir='ltr'><strong>hominum</strong></span> <span class='ocrx_word' id='word_1_406' title='bbox 1242 3358 1410 3428; x_wconf 86' lang='lat' dir='ltr'><strong>increpatur,</strong></span> <span class='ocrx_word' id='word_1_407' title='bbox 1432 3359 1505 3429; x_wconf 91' lang='lat' dir='ltr'><strong>quod</strong></span> <span class='ocrx_word' id='word_1_408' title='bbox 1525 3360 1612 3416; x_wconf 89' lang='lat' dir='ltr'><strong>sancti</strong></span> <span class='ocrx_word' id='word_1_409' title='bbox 1627 3360 1677 3415; x_wconf 83' lang='lat' dir='ltr'><strong>viri</strong></span> <span class='ocrx_word' id='word_1_410' title='bbox 1694 3360 1729 3413; x_wconf 89' lang='lat' dir='ltr'><strong>ab</strong></span> 
     </span>
     <span class='ocr_line' id='line_1_58' title="bbox 918 3446 1625 3520; baseline 0.004 -19"><span class='ocrx_word' id='word_1_411' title='bbox 918 3448 959 3501; x_wconf 89' lang='lat' dir='ltr'><strong>eis</strong></span> <span class='ocrx_word' id='word_1_412' title='bbox 978 3447 1063 3520; x_wconf 81' lang='lat' dir='ltr'><strong>digno</strong></span> <span class='ocrx_word' id='word_1_413' title='bbox 1078 3446 1267 3502; x_wconf 80' lang='lat' dir='ltr'><strong>venerationis</strong></span> <span class='ocrx_word' id='word_1_414' title='bbox 1282 3446 1357 3501; x_wconf 92' lang='lat' dir='ltr'><strong>cultu</strong></span> <span class='ocrx_word' id='word_1_415' title='bbox 1372 3461 1428 3501; x_wconf 92' lang='lat' dir='ltr'><strong>nou</strong></span> <span class='ocrx_word' id='word_1_416' title='bbox 1443 3447 1625 3505; x_wconf 90' lang='lat' dir='ltr'><strong>honorantur.</strong></span> 
     </span>
    </p>
   </div>
   <div class='ocr_carea' id='block_1_17' title="bbox 633 3560 1145 3626">
    <p class='ocr_par' dir='ltr' id='par_1_18' title="bbox 633 3560 1145 3626">
     <span class='ocr_line' id='line_1_59' title="bbox 633 3560 1145 3626; baseline -0.008 -1"><span class='ocrx_word' id='word_1_417' title='bbox 633 3562 731 3626; x_wconf 85' lang='lat' dir='ltr'><strong>lllSlO</strong></span> <span class='ocrx_word' id='word_1_418' title='bbox 752 3562 920 3625; x_wconf 76' lang='lat' dir='ltr'><strong>utusuu&#39;tt</strong></span> <span class='ocrx_word' id='word_1_419' title='bbox 944 3560 1145 3624; x_wconf 83' lang='lat' dir='ltr'><strong>SlGEBEllTl</strong></span> 
     </span>
    </p>
   </div>
   <div class='ocr_carea' id='block_1_18' title="bbox 96 3667 1727 3742">
    <p class='ocr_par' dir='ltr' id='par_1_19' title="bbox 96 3667 1727 3742">
     <span class='ocr_line' id='line_1_60' title="bbox 96 3667 1727 3742; baseline 0.002 -16"><span class='ocrx_word' id='word_1_420' title='bbox 96 3674 122 3726; x_wconf 91' lang='lat' dir='ltr'><strong>l.</strong></span> <span class='ocrx_word' id='word_1_421' title='bbox 149 3670 263 3741; x_wconf 80' lang='lat' dir='ltr'><strong>Aliquos</strong></span> <span class='ocrx_word' id='word_1_422' title='bbox 284 3677 408 3725; x_wconf 92' lang='lat' dir='ltr'><strong>nostrum</strong></span> <span class='ocrx_word' id='word_1_423' title='bbox 429 3671 543 3727; x_wconf 91' lang='lat' dir='ltr'><strong>multum</strong></span> <span class='ocrx_word' id='word_1_424' title='bbox 572 3669 740 3735; x_wconf 87' lang='lat' dir='ltr'><strong>offendebat,</strong></span> <span class='ocrx_word' id='word_1_425' title='bbox 770 3670 1016 3742; x_wconf 81' lang='lat' dir='ltr'><strong>multosCilrique</strong></span> <span class='ocrx_word' id='word_1_426' title='bbox 1036 3667 1143 3724; x_wconf 88' lang='lat' dir='ltr'><strong>cibatus</strong></span> <span class='ocrx_word' id='word_1_427' title='bbox 1163 3685 1234 3740; x_wconf 88' lang='lat' dir='ltr'><strong>pano</strong></span> <span class='ocrx_word' id='word_1_428' title='bbox 1249 3667 1422 3724; x_wconf 89' lang='lat' dir='ltr'><strong>lacrimarum</strong></span> <span class='ocrx_word' id='word_1_429' title='bbox 1437 3675 1465 3725; x_wconf 89' lang='lat' dir='ltr'><strong>et</strong></span> <span class='ocrx_word' id='word_1_430' title='bbox 1483 3671 1625 3728; x_wconf 91' lang='lat' dir='ltr'><strong>debriatus</strong></span> <span class='ocrx_word' id='word_1_431' title='bbox 1641 3671 1727 3730; x_wconf 87' lang='lat' dir='ltr'><strong>calice</strong></span> 
     </span>
    </p>
   </div>
   <div class='ocr_carea' id='block_1_19' title="bbox 55 3760 871 4837">
    <p class='ocr_par' dir='ltr' id='par_1_20' title="bbox 55 3760 871 4837">
     <span class='ocr_line' id='line_1_61' title="bbox 61 3760 871 3834; baseline -0.001 -18"><span class='ocrx_word' id='word_1_432' title='bbox 61 3761 145 3816; x_wconf 88' lang='lat' dir='ltr'><strong>etiarn</strong></span> <span class='ocrx_word' id='word_1_433' title='bbox 175 3769 368 3814; x_wconf 88' lang='lat' dir='ltr'><strong>extraneorum</strong></span> <span class='ocrx_word' id='word_1_434' title='bbox 389 3769 484 3816; x_wconf 90' lang='lat' dir='ltr'><strong>contra</strong></span> <span class='ocrx_word' id='word_1_435' title='bbox 500 3776 550 3817; x_wconf 91' lang='lat' dir='ltr'><strong>nos</strong></span> <span class='ocrx_word' id='word_1_436' title='bbox 569 3777 657 3833; x_wconf 91' lang='lat' dir='ltr'><strong>usque</strong></span> <span class='ocrx_word' id='word_1_437' title='bbox 680 3761 714 3815; x_wconf 91' lang='lat' dir='ltr'><strong>ad</strong></span> <span class='ocrx_word' id='word_1_438' title='bbox 743 3760 871 3834; x_wconf 85' lang='lat' dir='ltr'><strong>indigna·</strong></span> 
     </span>
     <span class='ocr_line' id='line_1_62' title="bbox 61 3852 869 3925; baseline 0 -17"><span class='ocrx_word' id='word_1_439' title='bbox 61 3853 165 3909; x_wconf 89' lang='lat' dir='ltr'><strong>tionem</strong></span> <span class='ocrx_word' id='word_1_440' title='bbox 180 3852 345 3918; x_wconf 89' lang='lat' dir='ltr'><strong>concitabat,</strong></span> <span class='ocrx_word' id='word_1_441' title='bbox 358 3854 433 3925; x_wconf 93' lang='lat' dir='ltr'><strong>quod</strong></span> <span class='ocrx_word' id='word_1_442' title='bbox 448 3861 560 3910; x_wconf 91' lang='lat' dir='ltr'><strong>sauctus</strong></span> <span class='ocrx_word' id='word_1_443' title='bbox 575 3853 733 3910; x_wconf 85' lang='lat' dir='ltr'><strong>Wicbertus</strong></span> <span class='ocrx_word' id='word_1_444' title='bbox 745 3853 869 3924; x_wconf 75' lang='lat' dir='ltr'><strong>airapud</strong></span> 
     </span>
     <span class='ocr_line' id='line_1_63' title="bbox 59 3943 869 4017; baseline -0.001 -17"><span class='ocrx_word' id='word_1_445' title='bbox 59 3943 191 4000; x_wconf 79' lang='lat' dir='ltr'><strong>saeculum</strong></span> <span class='ocrx_word' id='word_1_446' title='bbox 218 3950 299 3999; x_wconf 76' lang='lat' dir='ltr'><strong>tantae</strong></span> <span class='ocrx_word' id='word_1_447' title='bbox 316 3944 481 4013; x_wconf 88' lang='lat' dir='ltr'><strong>nobilitatis,</strong></span> <span class='ocrx_word' id='word_1_448' title='bbox 506 3945 579 4017; x_wconf 90' lang='lat' dir='ltr'><strong>apud</strong></span> <span class='ocrx_word' id='word_1_449' title='bbox 600 3946 685 4000; x_wconf 87' lang='lat' dir='ltr'><strong>Deum</strong></span> <span class='ocrx_word' id='word_1_450' title='bbox 702 3951 783 4000; x_wconf 76' lang='lat' dir='ltr'><strong>tanta</strong></span> <span class='ocrx_word' id='word_1_451' title='bbox 808 3961 869 3999; x_wconf 91' lang='lat' dir='ltr'><strong>san·</strong></span> 
     </span>
     <span class='ocr_line' id='line_1_64' title="bbox 56 4035 869 4102; baseline 0.002 -11"><span class='ocrx_word' id='word_1_452' title='bbox 56 4035 170 4102; x_wconf 89' lang='lat' dir='ltr'><strong>ctitatis,</strong></span> <span class='ocrx_word' id='word_1_453' title='bbox 198 4036 274 4091; x_wconf 92' lang='lat' dir='ltr'><strong>nullo</strong></span> <span class='ocrx_word' id='word_1_454' title='bbox 313 4037 501 4094; x_wconf 79' lang='lat' dir='ltr'><strong>venerationis</strong></span> <span class='ocrx_word' id='word_1_455' title='bbox 530 4038 604 4093; x_wconf 90' lang='lat' dir='ltr'><strong>cultu</strong></span> <span class='ocrx_word' id='word_1_456' title='bbox 632 4037 821 4094; x_wconf 86' lang='lat' dir='ltr'><strong>honorabatur</strong></span> <span class='ocrx_word' id='word_1_457' title='bbox 853 4054 869 4093; x_wconf 87' lang='lat' dir='ltr'><strong>a</strong></span> 
     </span>
     <span class='ocr_line' id='line_1_65' title="bbox 55 4127 867 4204; baseline 0.001 -20"><span class='ocrx_word' id='word_1_458' title='bbox 55 4127 148 4184; x_wconf 90' lang='lat' dir='ltr'><strong>nobis.</strong></span> <span class='ocrx_word' id='word_1_459' title='bbox 171 4130 244 4183; x_wconf 89' lang='lat' dir='ltr'><strong>lnter</strong></span> <span class='ocrx_word' id='word_1_460' title='bbox 259 4144 307 4184; x_wconf 90' lang='lat' dir='ltr'><strong>eos</strong></span> <span class='ocrx_word' id='word_1_461' title='bbox 329 4131 375 4201; x_wconf 91' lang='lat' dir='ltr'><strong>qui</strong></span> <span class='ocrx_word' id='word_1_462' title='bbox 400 4131 451 4185; x_wconf 92' lang='lat' dir='ltr'><strong>hac</strong></span> <span class='ocrx_word' id='word_1_463' title='bbox 466 4131 511 4185; x_wconf 91' lang='lat' dir='ltr'><strong>die</strong></span> <span class='ocrx_word' id='word_1_464' title='bbox 527 4130 710 4186; x_wconf 80' lang='lat' dir='ltr'><strong>movebantur</strong></span> <span class='ocrx_word' id='word_1_465' title='bbox 734 4130 867 4204; x_wconf 83' lang='lat' dir='ltr'><strong>indigna-</strong></span> 
     </span>
     <span class='ocr_line' id='line_1_66' title="bbox 55 4220 868 4295; baseline 0 -18"><span class='ocrx_word' id='word_1_466' title='bbox 55 4220 142 4285; x_wconf 89' lang='lat' dir='ltr'><strong>tione,</strong></span> <span class='ocrx_word' id='word_1_467' title='bbox 157 4228 216 4275; x_wconf 89' lang='lat' dir='ltr'><strong>erat</strong></span> <span class='ocrx_word' id='word_1_468' title='bbox 229 4221 340 4292; x_wconf 89' lang='lat' dir='ltr'><strong>quidam</strong></span> <span class='ocrx_word' id='word_1_469' title='bbox 359 4221 521 4295; x_wconf 85' lang='lat' dir='ltr'><strong>Sigebcrtus</strong></span> <span class='ocrx_word' id='word_1_470' title='bbox 536 4222 659 4290; x_wconf 90' lang='lat' dir='ltr'><strong>nomine,</strong></span> <span class='ocrx_word' id='word_1_471' title='bbox 676 4222 781 4294; x_wconf 92' lang='lat' dir='ltr'><strong>primus</strong></span> <span class='ocrx_word' id='word_1_472' title='bbox 796 4222 868 4294; x_wconf 90' lang='lat' dir='ltr'><strong>apud</strong></span> 
     </span>
     <span class='ocr_line' id='line_1_67' title="bbox 57 4312 856 4385; baseline 0.004 -21"><span class='ocrx_word' id='word_1_473' title='bbox 57 4326 108 4365; x_wconf 86' lang='lat' dir='ltr'><strong>nos</strong></span> <span class='ocrx_word' id='word_1_474' title='bbox 132 4315 211 4364; x_wconf 80' lang='lat' dir='ltr'><strong>aetate</strong></span> <span class='ocrx_word' id='word_1_475' title='bbox 240 4318 267 4366; x_wconf 90' lang='lat' dir='ltr'><strong>ct</strong></span> <span class='ocrx_word' id='word_1_476' title='bbox 295 4312 517 4379; x_wconf 76' lang='lat' dir='ltr'><strong>conuersatione,</strong></span> <span class='ocrx_word' id='word_1_477' title='bbox 537 4312 653 4368; x_wconf 91' lang='lat' dir='ltr'><strong>scientia</strong></span> <span class='ocrx_word' id='word_1_478' title='bbox 676 4319 704 4368; x_wconf 88' lang='lat' dir='ltr'><strong>et</strong></span> <span class='ocrx_word' id='word_1_479' title='bbox 722 4312 856 4385; x_wconf 79' lang='lat' dir='ltr'><strong>religione</strong></span> 
     </span>
     <span class='ocr_line' id='line_1_68' title="bbox 57 4399 866 4458; baseline 0.004 -5"><span class='ocrx_word' id='word_1_480' title='bbox 57 4399 106 4454; x_wconf 93' lang='lat' dir='ltr'><strong>llic</strong></span> <span class='ocrx_word' id='word_1_481' title='bbox 119 4400 192 4455; x_wconf 88' lang='lat' dir='ltr'><strong>circa</strong></span> <span class='ocrx_word' id='word_1_482' title='bbox 209 4401 414 4456; x_wconf 75' lang='lat' dir='ltr'><strong>uenerationem</strong></span> <span class='ocrx_word' id='word_1_483' title='bbox 431 4403 474 4457; x_wconf 78' lang='lat' dir='ltr'><strong>ael</strong></span> <span class='ocrx_word' id='word_1_484' title='bbox 488 4403 685 4458; x_wconf 81' lang='lat' dir='ltr'><strong>revelationem</strong></span> <span class='ocrx_word' id='word_1_485' title='bbox 702 4403 788 4457; x_wconf 91' lang='lat' dir='ltr'><strong>saneti</strong></span> <span class='ocrx_word' id='word_1_486' title='bbox 805 4410 866 4456; x_wconf 89' lang='lat' dir='ltr'><strong>tan·</strong></span> 
     </span>
     <span class='ocr_line' id='line_1_69' title="bbox 59 4488 866 4563; baseline 0.002 -20"><span class='ocrx_word' id='word_1_487' title='bbox 59 4496 86 4544; x_wconf 94' lang='lat' dir='ltr'><strong>to</strong></span> <span class='ocrx_word' id='word_1_488' title='bbox 106 4488 260 4544; x_wconf 87' lang='lat' dir='ltr'><strong>ducebatur</strong></span> <span class='ocrx_word' id='word_1_489' title='bbox 273 4491 423 4559; x_wconf 89' lang='lat' dir='ltr'><strong>desiderio,</strong></span> <span class='ocrx_word' id='word_1_490' title='bbox 446 4499 550 4563; x_wconf 87' lang='lat' dir='ltr'><strong>quanto</strong></span> <span class='ocrx_word' id='word_1_491' title='bbox 565 4492 637 4547; x_wconf 90' lang='lat' dir='ltr'><strong>circa</strong></span> <span class='ocrx_word' id='word_1_492' title='bbox 659 4492 807 4547; x_wconf 83' lang='lat' dir='ltr'><strong>adrentum</strong></span> <span class='ocrx_word' id='word_1_493' title='bbox 823 4492 866 4546; x_wconf 83' lang='lat' dir='ltr'><strong>rel</strong></span> 
     </span>
     <span class='ocr_line' id='line_1_70' title="bbox 57 4581 866 4657; baseline 0.004 -21"><span class='ocrx_word' id='word_1_494' title='bbox 57 4581 255 4637; x_wconf 86' lang='lat' dir='ltr'><strong>revelationem</strong></span> <span class='ocrx_word' id='word_1_495' title='bbox 271 4581 370 4638; x_wconf 77' lang='lat' dir='ltr'><strong>Christi</strong></span> <span class='ocrx_word' id='word_1_496' title='bbox 386 4585 514 4657; x_wconf 90' lang='lat' dir='ltr'><strong>antiquus</strong></span> <span class='ocrx_word' id='word_1_497' title='bbox 530 4585 575 4639; x_wconf 92' lang='lat' dir='ltr'><strong>ille</strong></span> <span class='ocrx_word' id='word_1_498' title='bbox 590 4584 719 4656; x_wconf 78' lang='lat' dir='ltr'><strong>Symeon.</strong></span> <span class='ocrx_word' id='word_1_499' title='bbox 740 4584 818 4639; x_wconf 89' lang='lat' dir='ltr'><strong>Unde</strong></span> <span class='ocrx_word' id='word_1_500' title='bbox 839 4591 866 4639; x_wconf 90' lang='lat' dir='ltr'><strong>et</strong></span> 
     </span>
     <span class='ocr_line' id='line_1_71' title="bbox 57 4670 868 4744; baseline 0.002 -20"><span class='ocrx_word' id='word_1_501' title='bbox 57 4670 92 4725; x_wconf 89' lang='lat' dir='ltr'><strong>ad</strong></span> <span class='ocrx_word' id='word_1_502' title='bbox 106 4670 281 4741; x_wconf 86' lang='lat' dir='ltr'><strong>sepulchrum</strong></span> <span class='ocrx_word' id='word_1_503' title='bbox 299 4673 359 4741; x_wconf 85' lang='lat' dir='ltr'><strong>ejus</strong></span> <span class='ocrx_word' id='word_1_504' title='bbox 381 4676 468 4729; x_wconf 87' lang='lat' dir='ltr'><strong>locum</strong></span> <span class='ocrx_word' id='word_1_505' title='bbox 497 4673 718 4744; x_wconf 88' lang='lat' dir='ltr'><strong>compunctionis</strong></span> <span class='ocrx_word' id='word_1_506' title='bbox 738 4673 791 4727; x_wconf 89' lang='lat' dir='ltr'><strong>sibi</strong></span> <span class='ocrx_word' id='word_1_507' title='bbox 810 4680 868 4727; x_wconf 89' lang='lat' dir='ltr'><strong>sta-</strong></span> 
     </span>
     <span class='ocr_line' id='line_1_72' title="bbox 58 4762 867 4837; baseline 0.002 -23"><span class='ocrx_word' id='word_1_508' title='bbox 58 4767 159 4827; x_wconf 90' lang='lat' dir='ltr'><strong>tuerat,</strong></span> <span class='ocrx_word' id='word_1_509' title='bbox 176 4777 256 4832; x_wconf 88' lang='lat' dir='ltr'><strong>quem</strong></span> <span class='ocrx_word' id='word_1_510' title='bbox 274 4764 400 4834; x_wconf 91' lang='lat' dir='ltr'><strong>exemplo</strong></span> <span class='ocrx_word' id='word_1_511' title='bbox 413 4762 487 4817; x_wconf 90' lang='lat' dir='ltr'><strong>illius</strong></span> <span class='ocrx_word' id='word_1_512' title='bbox 504 4762 670 4837; x_wconf 81' lang='lat' dir='ltr'><strong>evangelicae</strong></span> <span class='ocrx_word' id='word_1_513' title='bbox 688 4762 778 4817; x_wconf 79' lang='lat' dir='ltr'><strong>llariae</strong></span> <span class='ocrx_word' id='word_1_514' title='bbox 805 4778 867 4817; x_wconf 90' lang='lat' dir='ltr'><strong>cum</strong></span> 
     </span>
    </p>
   </div>
   <div class='ocr_carea' id='block_1_20' title="bbox 57 4856 867 4930">
    <p class='ocr_par' dir='ltr' id='par_1_21' title="bbox 57 4856 867 4930">
     <span class='ocr_line' id='line_1_73' title="bbox 57 4856 867 4930; baseline 0.001 -20"><span class='ocrx_word' id='word_1_515' title='bbox 57 4863 181 4910; x_wconf 90' lang='lat' dir='ltr'><strong>aromate</strong></span> <span class='ocrx_word' id='word_1_516' title='bbox 211 4857 366 4912; x_wconf 89' lang='lat' dir='ltr'><strong>orationum</strong></span> <span class='ocrx_word' id='word_1_517' title='bbox 394 4858 593 4930; x_wconf 83' lang='lat' dir='ltr'><strong>frequentabat.</strong></span> <span class='ocrx_word' id='word_1_518' title='bbox 622 4858 653 4913; x_wconf 89' lang='lat' dir='ltr'><strong>Et</strong></span> <span class='ocrx_word' id='word_1_519' title='bbox 668 4856 733 4930; x_wconf 91' lang='lat' dir='ltr'><strong>quia</strong></span> <span class='ocrx_word' id='word_1_520' title='bbox 748 4864 805 4912; x_wconf 85' lang='lat' dir='ltr'><strong>erat</strong></span> <span class='ocrx_word' id='word_1_521' title='bbox 817 4872 867 4912; x_wconf 90' lang='lat' dir='ltr'><strong>cu·</strong></span> 
     </span>
    </p>
   </div>
   <div class='ocr_carea' id='block_1_21' title="bbox 917 3757 1728 4742">
    <p class='ocr_par' dir='ltr' id='par_1_22' title="bbox 917 3757 1728 4742">
     <span class='ocr_line' id='line_1_74' title="bbox 920 3757 1726 3830; baseline 0.004 -15"><span class='ocrx_word' id='word_1_522' title='bbox 920 3757 1152 3830; x_wconf 88' lang='lat' dir='ltr'><strong>compunctionis,</strong></span> <span class='ocrx_word' id='word_1_523' title='bbox 1170 3757 1242 3813; x_wconf 87' lang='lat' dir='ltr'><strong>lcssa</strong></span> <span class='ocrx_word' id='word_1_524' title='bbox 1254 3758 1377 3813; x_wconf 90' lang='lat' dir='ltr'><strong>membra</strong></span> <span class='ocrx_word' id='word_1_525' title='bbox 1390 3758 1476 3830; x_wconf 89' lang='lat' dir='ltr'><strong>quieti</strong></span> <span class='ocrx_word' id='word_1_526' title='bbox 1497 3760 1582 3817; x_wconf 90' lang='lat' dir='ltr'><strong>dedit.</strong></span> <span class='ocrx_word' id='word_1_527' title='bbox 1599 3761 1657 3818; x_wconf 88' lang='lat' dir='ltr'><strong>llita</strong></span> <span class='ocrx_word' id='word_1_528' title='bbox 1677 3764 1726 3820; x_wconf 91' lang='lat' dir='ltr'><strong>ob-</strong></span> 
     </span>
     <span class='ocr_line' id='line_1_75' title="bbox 921 3847 1727 3914; baseline 0.005 -12"><span class='ocrx_word' id='word_1_529' title='bbox 921 3847 1080 3914; x_wconf 91' lang='lat' dir='ltr'><strong>dormierat,</strong></span> <span class='ocrx_word' id='word_1_530' title='bbox 1109 3863 1170 3902; x_wconf 91' lang='lat' dir='ltr'><strong>cum</strong></span> <span class='ocrx_word' id='word_1_531' title='bbox 1193 3862 1258 3902; x_wconf 91' lang='lat' dir='ltr'><strong>ecce</strong></span> <span class='ocrx_word' id='word_1_532' title='bbox 1289 3847 1440 3903; x_wconf 86' lang='lat' dir='ltr'><strong>delectatur</strong></span> <span class='ocrx_word' id='word_1_533' title='bbox 1467 3849 1574 3907; x_wconf 83' lang='lat' dir='ltr'><strong>visione</strong></span> <span class='ocrx_word' id='word_1_534' title='bbox 1600 3851 1727 3908; x_wconf 89' lang='lat' dir='ltr'><strong>miriliea.</strong></span> 
     </span>
     <span class='ocr_line' id='line_1_76' title="bbox 920 3938 1727 4017; baseline 0.005 -21"><span class='ocrx_word' id='word_1_535' title='bbox 920 3941 1000 3996; x_wconf 87' lang='lat' dir='ltr'><strong>Videt</strong></span> <span class='ocrx_word' id='word_1_536' title='bbox 1015 3940 1042 3994; x_wconf 91' lang='lat' dir='ltr'><strong>in</strong></span> <span class='ocrx_word' id='word_1_537' title='bbox 1062 3940 1150 4011; x_wconf 93' lang='lat' dir='ltr'><strong>ipsam</strong></span> <span class='ocrx_word' id='word_1_538' title='bbox 1167 3938 1319 3996; x_wconf 85' lang='lat' dir='ltr'><strong>aecclesiam</strong></span> <span class='ocrx_word' id='word_1_539' title='bbox 1340 3941 1417 4013; x_wconf 90' lang='lat' dir='ltr'><strong>quasi</strong></span> <span class='ocrx_word' id='word_1_540' title='bbox 1440 3943 1522 3999; x_wconf 89' lang='lat' dir='ltr'><strong>solito</strong></span> <span class='ocrx_word' id='word_1_541' title='bbox 1545 3943 1660 4001; x_wconf 79' lang='lat' dir='ltr'><strong>festivus</strong></span> <span class='ocrx_word' id='word_1_542' title='bbox 1678 3962 1727 4017; x_wconf 90' lang='lat' dir='ltr'><strong>ap-</strong></span> 
     </span>
     <span class='ocr_line' id='line_1_77' title="bbox 920 4027 1725 4099; baseline 0.01 -17"><span class='ocrx_word' id='word_1_543' title='bbox 920 4035 1052 4099; x_wconf 90' lang='lat' dir='ltr'><strong>paratam,</strong></span> <span class='ocrx_word' id='word_1_544' title='bbox 1082 4027 1163 4083; x_wconf 92' lang='lat' dir='ltr'><strong>solito</strong></span> <span class='ocrx_word' id='word_1_545' title='bbox 1187 4028 1288 4084; x_wconf 88' lang='lat' dir='ltr'><strong>clarius</strong></span> <span class='ocrx_word' id='word_1_546' title='bbox 1314 4029 1506 4099; x_wconf 89' lang='lat' dir='ltr'><strong>illuminatam,</strong></span> <span class='ocrx_word' id='word_1_547' title='bbox 1536 4032 1725 4090; x_wconf 88' lang='lat' dir='ltr'><strong>innumerabi-</strong></span> 
     </span>
     <span class='ocr_line' id='line_1_78' title="bbox 920 4122 1728 4202; baseline 0.006 -25"><span class='ocrx_word' id='word_1_548' title='bbox 920 4123 973 4178; x_wconf 90' lang='lat' dir='ltr'><strong>lem</strong></span> <span class='ocrx_word' id='word_1_549' title='bbox 991 4123 1094 4178; x_wconf 90' lang='lat' dir='ltr'><strong>iutrare</strong></span> <span class='ocrx_word' id='word_1_550' title='bbox 1108 4122 1302 4195; x_wconf 84' lang='lat' dir='ltr'><strong>frequentiam,</strong></span> <span class='ocrx_word' id='word_1_551' title='bbox 1328 4142 1409 4197; x_wconf 90' lang='lat' dir='ltr'><strong>quam</strong></span> <span class='ocrx_word' id='word_1_552' title='bbox 1430 4126 1585 4202; x_wconf 83' lang='lat' dir='ltr'><strong>insignabat</strong></span> <span class='ocrx_word' id='word_1_553' title='bbox 1604 4129 1648 4184; x_wconf 82' lang='lat' dir='ltr'><strong>rel</strong></span> <span class='ocrx_word' id='word_1_554' title='bbox 1668 4129 1728 4200; x_wconf 87' lang='lat' dir='ltr'><strong>epi·</strong></span> 
     </span>
     <span class='ocr_line' id='line_1_79' title="bbox 919 4215 1725 4290; baseline 0.005 -20"><span class='ocrx_word' id='word_1_555' title='bbox 919 4215 1206 4286; x_wconf 90' lang='lat' dir='ltr'><strong>scopalisauctoritas,</strong></span> <span class='ocrx_word' id='word_1_556' title='bbox 1219 4216 1262 4271; x_wconf 85' lang='lat' dir='ltr'><strong>vel</strong></span> <span class='ocrx_word' id='word_1_557' title='bbox 1278 4216 1414 4272; x_wconf 88' lang='lat' dir='ltr'><strong>clericalis</strong></span> <span class='ocrx_word' id='word_1_558' title='bbox 1433 4217 1566 4290; x_wconf 79' lang='lat' dir='ltr'><strong>dignitas,</strong></span> <span class='ocrx_word' id='word_1_559' title='bbox 1581 4218 1623 4274; x_wconf 84' lang='lat' dir='ltr'><strong>vol</strong></span> <span class='ocrx_word' id='word_1_560' title='bbox 1640 4219 1725 4274; x_wconf 89' lang='lat' dir='ltr'><strong>abba-</strong></span> 
     </span>
     <span class='ocr_line' id='line_1_80' title="bbox 919 4304 1725 4379; baseline 0.006 -22"><span class='ocrx_word' id='word_1_561' title='bbox 919 4311 975 4358; x_wconf 92' lang='lat' dir='ltr'><strong>tum</strong></span> <span class='ocrx_word' id='word_1_562' title='bbox 1003 4304 1254 4376; x_wconf 86' lang='lat' dir='ltr'><strong>monachorumque</strong></span> <span class='ocrx_word' id='word_1_563' title='bbox 1276 4304 1444 4379; x_wconf 78' lang='lat' dir='ltr'><strong>religiositas</strong></span> <span class='ocrx_word' id='word_1_564' title='bbox 1485 4305 1559 4360; x_wconf 83' lang='lat' dir='ltr'><strong>Tunc</strong></span> <span class='ocrx_word' id='word_1_565' title='bbox 1588 4306 1663 4360; x_wconf 83' lang='lat' dir='ltr'><strong>velut</strong></span> <span class='ocrx_word' id='word_1_566' title='bbox 1691 4308 1725 4362; x_wconf 90' lang='lat' dir='ltr'><strong>ad</strong></span> 
     </span>
     <span class='ocr_line' id='line_1_81' title="bbox 918 4393 1723 4468; baseline 0.001 -19"><span class='ocrx_word' id='word_1_567' title='bbox 918 4394 1052 4468; x_wconf 82' lang='lat' dir='ltr'><strong>agendam</strong></span> <span class='ocrx_word' id='word_1_568' title='bbox 1066 4394 1201 4466; x_wconf 77' lang='lat' dir='ltr'><strong>synodum</strong></span> <span class='ocrx_word' id='word_1_569' title='bbox 1218 4393 1299 4449; x_wconf 90' lang='lat' dir='ltr'><strong>sedes</strong></span> <span class='ocrx_word' id='word_1_570' title='bbox 1314 4401 1466 4464; x_wconf 91' lang='lat' dir='ltr'><strong>ponuntur,</strong></span> <span class='ocrx_word' id='word_1_571' title='bbox 1481 4402 1508 4448; x_wconf 91' lang='lat' dir='ltr'><strong>et</strong></span> <span class='ocrx_word' id='word_1_572' title='bbox 1521 4394 1554 4448; x_wconf 90' lang='lat' dir='ltr'><strong>ad</strong></span> <span class='ocrx_word' id='word_1_573' title='bbox 1575 4395 1723 4450; x_wconf 89' lang='lat' dir='ltr'><strong>dicendum</strong></span> 
     </span>
     <span class='ocr_line' id='line_1_82' title="bbox 917 4483 1726 4557; baseline 0.002 -19"><span class='ocrx_word' id='word_1_574' title='bbox 917 4484 945 4538; x_wconf 94' lang='lat' dir='ltr'><strong>in</strong></span> <span class='ocrx_word' id='word_1_575' title='bbox 961 4485 1075 4539; x_wconf 89' lang='lat' dir='ltr'><strong>sedibus</strong></span> <span class='ocrx_word' id='word_1_576' title='bbox 1090 4499 1215 4554; x_wconf 75' lang='lat' dir='ltr'><strong>prersonan</strong></span> <span class='ocrx_word' id='word_1_577' title='bbox 1242 4491 1456 4553; x_wconf 89' lang='lat' dir='ltr'><strong>componuntur.</strong></span> <span class='ocrx_word' id='word_1_578' title='bbox 1482 4483 1628 4555; x_wconf 83' lang='lat' dir='ltr'><strong>Postquam</strong></span> <span class='ocrx_word' id='word_1_579' title='bbox 1642 4501 1726 4557; x_wconf 89' lang='lat' dir='ltr'><strong>super</strong></span> 
     </span>
     <span class='ocr_line' id='line_1_83' title="bbox 917 4573 1725 4644; baseline 0.001 -13"><span class='ocrx_word' id='word_1_580' title='bbox 917 4576 1142 4633; x_wconf 79' lang='lat' dir='ltr'><strong>aecclesiasticum</strong></span> <span class='ocrx_word' id='word_1_581' title='bbox 1156 4581 1255 4630; x_wconf 90' lang='lat' dir='ltr'><strong>statum</strong></span> <span class='ocrx_word' id='word_1_582' title='bbox 1276 4573 1343 4628; x_wconf 88' lang='lat' dir='ltr'><strong>satis</strong></span> <span class='ocrx_word' id='word_1_583' title='bbox 1358 4583 1549 4644; x_wconf 89' lang='lat' dir='ltr'><strong>competenter</strong></span> <span class='ocrx_word' id='word_1_584' title='bbox 1563 4583 1605 4631; x_wconf 89' lang='lat' dir='ltr'><strong>est</strong></span> <span class='ocrx_word' id='word_1_585' title='bbox 1624 4584 1725 4633; x_wconf 88' lang='lat' dir='ltr'><strong>tracta-</strong></span> 
     </span>
     <span class='ocr_line' id='line_1_84' title="bbox 917 4666 1724 4742; baseline 0.002 -16"><span class='ocrx_word' id='word_1_586' title='bbox 917 4677 975 4725; x_wconf 89' lang='lat' dir='ltr'><strong>tum</strong></span> <span class='ocrx_word' id='word_1_587' title='bbox 989 4670 1242 4741; x_wconf 81' lang='lat' dir='ltr'><strong>convenienterque</strong></span> <span class='ocrx_word' id='word_1_588' title='bbox 1257 4666 1417 4736; x_wconf 81' lang='lat' dir='ltr'><strong>rlilsruitum,</strong></span> <span class='ocrx_word' id='word_1_589' title='bbox 1433 4669 1471 4724; x_wconf 91' lang='lat' dir='ltr'><strong>ait</strong></span> <span class='ocrx_word' id='word_1_590' title='bbox 1494 4670 1603 4742; x_wconf 91' lang='lat' dir='ltr'><strong>quidam</strong></span> <span class='ocrx_word' id='word_1_591' title='bbox 1615 4673 1724 4728; x_wconf 88' lang='lat' dir='ltr'><strong>senior:</strong></span> 
     </span>
    </p>
   </div>
   <div class='ocr_carea' id='block_1_22' title="bbox 918 4761 1726 4921">
    <p class='ocr_par' dir='ltr' id='par_1_23' title="bbox 918 4761 1726 4921">
     <span class='ocr_line' id='line_1_85' title="bbox 919 4761 1726 4830; baseline 0.005 -13"><span class='ocrx_word' id='word_1_592' title='bbox 919 4763 985 4817; x_wconf 83' lang='lat' dir='ltr'><strong>Cum</strong></span> <span class='ocrx_word' id='word_1_593' title='bbox 999 4763 1032 4816; x_wconf 85' lang='lat' dir='ltr'><strong>de</strong></span> <span class='ocrx_word' id='word_1_594' title='bbox 1046 4764 1110 4817; x_wconf 84' lang='lat' dir='ltr'><strong>otiis</strong></span> <span class='ocrx_word' id='word_1_595' title='bbox 1129 4763 1218 4816; x_wconf 83' lang='lat' dir='ltr'><strong>causis</strong></span> <span class='ocrx_word' id='word_1_596' title='bbox 1232 4775 1283 4830; x_wconf 89' lang='lat' dir='ltr'><strong>pro</strong></span> <span class='ocrx_word' id='word_1_597' title='bbox 1309 4761 1407 4829; x_wconf 74' lang='lat' dir='ltr'><strong>paribus</strong></span> <span class='ocrx_word' id='word_1_598' title='bbox 1426 4765 1594 4819; x_wconf 79' lang='lat' dir='ltr'><strong>concepimus</strong></span> <span class='ocrx_word' id='word_1_599' title='bbox 1608 4768 1675 4820; x_wconf 84' lang='lat' dir='ltr'><strong>sutis</strong></span> <span class='ocrx_word' id='word_1_600' title='bbox 1690 4768 1726 4820; x_wconf 82' lang='lat' dir='ltr'><strong>sit</strong></span> 
     </span>
     <span class='ocr_line' id='line_1_86' title="bbox 918 4850 1726 4921; baseline 0.004 -16"><span class='ocrx_word' id='word_1_601' title='bbox 918 4855 1016 4913; x_wconf 85' lang='lat' dir='ltr'><strong>actum,</strong></span> <span class='ocrx_word' id='word_1_602' title='bbox 1046 4851 1079 4904; x_wconf 87' lang='lat' dir='ltr'><strong>de</strong></span> <span class='ocrx_word' id='word_1_603' title='bbox 1098 4866 1181 4905; x_wconf 86' lang='lat' dir='ltr'><strong>eausa</strong></span> <span class='ocrx_word' id='word_1_604' title='bbox 1203 4850 1254 4903; x_wconf 85' lang='lat' dir='ltr'><strong>illu</strong></span> <span class='ocrx_word' id='word_1_605' title='bbox 1269 4850 1383 4918; x_wconf 86' lang='lat' dir='ltr'><strong>speciali</strong></span> <span class='ocrx_word' id='word_1_606' title='bbox 1407 4865 1460 4920; x_wconf 84' lang='lat' dir='ltr'><strong>pro</strong></span> <span class='ocrx_word' id='word_1_607' title='bbox 1479 4866 1534 4921; x_wconf 82' lang='lat' dir='ltr'><strong>quo</strong></span> <span class='ocrx_word' id='word_1_608' title='bbox 1561 4855 1590 4907; x_wconf 79' lang='lat' dir='ltr'><strong>in</strong></span> <span class='ocrx_word' id='word_1_609' title='bbox 1616 4854 1663 4908; x_wconf 88' lang='lat' dir='ltr'><strong>hoc</strong></span> <span class='ocrx_word' id='word_1_610' title='bbox 1678 4854 1726 4907; x_wconf 83' lang='lat' dir='ltr'><strong>de-</strong></span> 
     </span>
    </p>
   </div>
   <div class='ocr_carea' id='block_1_23' title="bbox 55 4939 1730 5387">
    <p class='ocr_par' dir='ltr' id='par_1_24' title="bbox 55 4939 1730 5387">
     <span class='ocr_line' id='line_1_87' title="bbox 57 4939 1728 5019; baseline -0.001 -20"><span class='ocrx_word' id='word_1_611' title='bbox 57 4953 115 5001; x_wconf 91' lang='lat' dir='ltr'><strong>stos</strong></span> <span class='ocrx_word' id='word_1_612' title='bbox 132 4946 277 5014; x_wconf 77' lang='lat' dir='ltr'><strong>aecclesiae,</strong></span> <span class='ocrx_word' id='word_1_613' title='bbox 291 4947 402 5019; x_wconf 93' lang='lat' dir='ltr'><strong>quando</strong></span> <span class='ocrx_word' id='word_1_614' title='bbox 418 4947 444 5001; x_wconf 95' lang='lat' dir='ltr'><strong>id</strong></span> <span class='ocrx_word' id='word_1_615' title='bbox 470 4947 607 5013; x_wconf 90' lang='lat' dir='ltr'><strong>licentius,</strong></span> <span class='ocrx_word' id='word_1_616' title='bbox 622 4955 698 5002; x_wconf 88' lang='lat' dir='ltr'><strong>tanto</strong></span> <span class='ocrx_word' id='word_1_617' title='bbox 712 4946 867 5018; x_wconf 87' lang='lat' dir='ltr'><strong>exequeba·</strong></span> <span class='ocrx_word' id='word_1_618' title='bbox 919 4944 1040 4997; x_wconf 81' lang='lat' dir='ltr'><strong>uenimus</strong></span> <span class='ocrx_word' id='word_1_619' title='bbox 1064 4943 1130 5007; x_wconf 78' lang='lat' dir='ltr'><strong>toro,</strong></span> <span class='ocrx_word' id='word_1_620' title='bbox 1144 4941 1221 4995; x_wconf 87' lang='lat' dir='ltr'><strong>nullu</strong></span> <span class='ocrx_word' id='word_1_621' title='bbox 1235 4939 1324 4993; x_wconf 86' lang='lat' dir='ltr'><strong>adhuc</strong></span> <span class='ocrx_word' id='word_1_622' title='bbox 1342 4941 1419 5007; x_wconf 71' lang='lat' dir='ltr'><strong>fricta</strong></span> <span class='ocrx_word' id='word_1_623' title='bbox 1437 4946 1476 4996; x_wconf 85' lang='lat' dir='ltr'><strong>est</strong></span> <span class='ocrx_word' id='word_1_624' title='bbox 1503 4946 1609 5011; x_wconf 87' lang='lat' dir='ltr'><strong>mentio,</strong></span> <span class='ocrx_word' id='word_1_625' title='bbox 1626 4944 1728 4998; x_wconf 77' lang='lat' dir='ltr'><strong>scilicet</strong></span> 
     </span>
     <span class='ocr_line' id='line_1_88' title="bbox 58 4993 1726 5108; baseline -0.004 -15"><span class='ocrx_word' id='word_1_626' title='bbox 58 5045 103 5093; x_wconf 89' lang='lat' dir='ltr'><strong>tur</strong></span> <span class='ocrx_word' id='word_1_627' title='bbox 125 5037 263 5092; x_wconf 74' lang='lat' dir='ltr'><strong>devotius.</strong></span> <span class='ocrx_word' id='word_1_628' title='bbox 281 5039 343 5094; x_wconf 84' lang='lat' dir='ltr'><strong>Erat</strong></span> <span class='ocrx_word' id='word_1_629' title='bbox 356 5047 446 5095; x_wconf 90' lang='lat' dir='ltr'><strong>autem</strong></span> <span class='ocrx_word' id='word_1_630' title='bbox 470 5055 577 5093; x_wconf 90' lang='lat' dir='ltr'><strong>summa</strong></span> <span class='ocrx_word' id='word_1_631' title='bbox 598 5039 729 5094; x_wconf 88' lang='lat' dir='ltr'><strong>orationis</strong></span> <span class='ocrx_word' id='word_1_632' title='bbox 752 5039 823 5108; x_wconf 86' lang='lat' dir='ltr'><strong>ejus,</strong></span> <span class='ocrx_word' id='word_1_633' title='bbox 839 5044 868 5093; x_wconf 86' lang='lat' dir='ltr'><strong>ut</strong></span> <span class='ocrx_word' id='word_1_634' title='bbox 880 4993 907 5061; x_wconf 80' lang='lat' dir='ltr'>D</span> <span class='ocrx_word' id='word_1_635' title='bbox 920 5032 952 5085; x_wconf 74' lang='lat' dir='ltr'><strong>de</strong></span> <span class='ocrx_word' id='word_1_636' title='bbox 965 5032 1059 5099; x_wconf 57' lang='lat' dir='ltr'><strong>stulte</strong></span> <span class='ocrx_word' id='word_1_637' title='bbox 1079 5033 1170 5084; x_wconf 71' lang='lat' dir='ltr'><strong>nostro</strong></span> <span class='ocrx_word' id='word_1_638' title='bbox 1192 5029 1334 5087; x_wconf 72' lang='lat' dir='ltr'><strong>Witbt&#39;t‘lo·</strong></span> <span class='ocrx_word' id='word_1_639' title='bbox 1351 5029 1497 5099; x_wconf 81' lang='lat' dir='ltr'><strong>Quidnam,</strong></span> <span class='ocrx_word' id='word_1_640' title='bbox 1522 5031 1651 5104; x_wconf 90' lang='lat' dir='ltr'><strong>inquiunt</strong></span> <span class='ocrx_word' id='word_1_641' title='bbox 1667 5031 1726 5100; x_wconf 91' lang='lat' dir='ltr'><strong>alii,</strong></span> 
     </span>
     <span class='ocr_line' id='line_1_89' title="bbox 56 5123 1728 5200; baseline -0.002 -19"><span class='ocrx_word' id='word_1_642' title='bbox 56 5135 207 5198; x_wconf 88' lang='lat' dir='ltr'><strong>antequam</strong></span> <span class='ocrx_word' id='word_1_643' title='bbox 231 5136 384 5184; x_wconf 88' lang='lat' dir='ltr'><strong>moreretur</strong></span> <span class='ocrx_word' id='word_1_644' title='bbox 406 5128 596 5200; x_wconf 86' lang='lat' dir='ltr'><strong>experimento</strong></span> <span class='ocrx_word' id='word_1_645' title='bbox 630 5126 769 5199; x_wconf 87' lang='lat' dir='ltr'><strong>probaret,</strong></span> <span class='ocrx_word' id='word_1_646' title='bbox 790 5127 869 5198; x_wconf 85' lang='lat' dir='ltr'><strong>eujus</strong></span> <span class='ocrx_word' id='word_1_647' title='bbox 919 5128 1083 5178; x_wconf 85' lang='lat' dir='ltr'><strong>tractaretur·</strong></span> <span class='ocrx_word' id='word_1_648' title='bbox 1101 5123 1133 5177; x_wconf 87' lang='lat' dir='ltr'><strong>de</strong></span> <span class='ocrx_word' id='word_1_649' title='bbox 1155 5138 1194 5190; x_wconf 87' lang='lat' dir='ltr'><strong>eo,</strong></span> <span class='ocrx_word' id='word_1_650' title='bbox 1219 5138 1301 5193; x_wconf 77' lang='lat' dir='ltr'><strong>qurum</strong></span> <span class='ocrx_word' id='word_1_651' title='bbox 1322 5123 1395 5193; x_wconf 82' lang='lat' dir='ltr'><strong>quod</strong></span> <span class='ocrx_word' id='word_1_652' title='bbox 1419 5124 1558 5192; x_wconf 62' lang='lat' dir='ltr'><strong>matritum</strong></span> <span class='ocrx_word' id='word_1_653' title='bbox 1575 5129 1615 5180; x_wconf 86' lang='lat' dir='ltr'><strong>est</strong></span> <span class='ocrx_word' id='word_1_654' title='bbox 1639 5139 1728 5179; x_wconf 87' lang='lat' dir='ltr'><strong>corum</strong></span> 
     </span>
     <span class='ocr_line' id='line_1_90' title="bbox 56 5218 1730 5292; baseline 0 -18"><span class='ocrx_word' id='word_1_655' title='bbox 56 5219 210 5292; x_wconf 83' lang='lat' dir='ltr'><strong>relquanti</strong></span> <span class='ocrx_word' id='word_1_656' title='bbox 226 5221 316 5277; x_wconf 89' lang='lat' dir='ltr'><strong>meriti</strong></span> <span class='ocrx_word' id='word_1_657' title='bbox 348 5221 506 5292; x_wconf 89' lang='lat' dir='ltr'><strong>essetapud</strong></span> <span class='ocrx_word' id='word_1_658' title='bbox 538 5218 869 5275; x_wconf 86' lang='lat' dir='ltr'><strong>lleumsauctusWiber-</strong></span> <span class='ocrx_word' id='word_1_659' title='bbox 919 5219 1110 5289; x_wconf 81' lang='lat' dir='ltr'><strong>Deo,quijam</strong></span> <span class='ocrx_word' id='word_1_660' title='bbox 1124 5220 1352 5287; x_wconf 71' lang='lat' dir='ltr'><strong>mirificaviteum</strong></span> <span class='ocrx_word' id='word_1_661' title='bbox 1366 5219 1441 5289; x_wconf 85' lang='lat' dir='ltr'><strong>apud</strong></span> <span class='ocrx_word' id='word_1_662' title='bbox 1455 5234 1482 5273; x_wconf 89' lang='lat' dir='ltr'><strong>ae</strong></span> <span class='ocrx_word' id='word_1_663' title='bbox 1501 5224 1524 5273; x_wconf 89' lang='lat' dir='ltr'><strong>et</strong></span> <span class='ocrx_word' id='word_1_664' title='bbox 1539 5219 1689 5289; x_wconf 70' lang='lat' dir='ltr'><strong>apocletos,</strong></span> <span class='ocrx_word' id='word_1_665' title='bbox 1706 5222 1730 5274; x_wconf 89' lang='lat' dir='ltr'><strong>ct</strong></span> 
     </span>
     <span class='ocr_line' id='line_1_91' title="bbox 55 5308 1728 5387; baseline -0.002 -21"><span class='ocrx_word' id='word_1_666' title='bbox 55 5317 110 5367; x_wconf 89' lang='lat' dir='ltr'><strong>tus.</strong></span> <span class='ocrx_word' id='word_1_667' title='bbox 133 5310 256 5376; x_wconf 80' lang='lat' dir='ltr'><strong>Quadam</strong></span> <span class='ocrx_word' id='word_1_668' title='bbox 278 5313 363 5387; x_wconf 86' lang='lat' dir='ltr'><strong>igitur</strong></span> <span class='ocrx_word' id='word_1_669' title='bbox 379 5321 461 5370; x_wconf 89' lang='lat' dir='ltr'><strong>nocte</strong></span> <span class='ocrx_word' id='word_1_670' title='bbox 476 5328 508 5368; x_wconf 92' lang='lat' dir='ltr'><strong>ex</strong></span> <span class='ocrx_word' id='word_1_671' title='bbox 532 5309 736 5368; x_wconf 88' lang='lat' dir='ltr'><strong>consuetudine</strong></span> <span class='ocrx_word' id='word_1_672' title='bbox 770 5308 867 5365; x_wconf 87' lang='lat' dir='ltr'><strong>orarit.</strong></span> <span class='ocrx_word' id='word_1_673' title='bbox 919 5311 1017 5364; x_wconf 78' lang='lat' dir='ltr'><strong>iterum</strong></span> <span class='ocrx_word' id='word_1_674' title='bbox 1039 5309 1196 5380; x_wconf 66' lang='lat' dir='ltr'><strong>mirificabit</strong></span> <span class='ocrx_word' id='word_1_675' title='bbox 1211 5324 1269 5363; x_wconf 89' lang='lat' dir='ltr'><strong>cum</strong></span> <span class='ocrx_word' id='word_1_676' title='bbox 1291 5308 1367 5378; x_wconf 83' lang='lat' dir='ltr'><strong>opud</strong></span> <span class='ocrx_word' id='word_1_677' title='bbox 1385 5309 1512 5364; x_wconf 79' lang='lat' dir='ltr'><strong>seculum</strong></span> <span class='ocrx_word' id='word_1_678' title='bbox 1531 5309 1559 5364; x_wconf 83' lang='lat' dir='ltr'><strong>in</strong></span> <span class='ocrx_word' id='word_1_679' title='bbox 1578 5311 1728 5378; x_wconf 73' lang='lat' dir='ltr'><strong>proximo?</strong></span> 
     </span>
    </p>
   </div>
   <div class='ocr_carea' id='block_1_24' title="bbox 45 5433 1054 5714">
    <p class='ocr_par' dir='ltr' id='par_1_25' title="bbox 45 5433 1054 5714">
     <span class='ocr_line' id='line_1_92' title="bbox 733 5433 1054 5491; baseline -0.003 -2"><span class='ocrx_word' id='word_1_680' title='bbox 733 5433 844 5490; x_wconf 83' lang='lat' dir='ltr'><strong>llhlllAE</strong></span> <span class='ocrx_word' id='word_1_681' title='bbox 866 5433 1054 5491; x_wconf 53' lang='lat' dir='ltr'><strong>trucutentus.</strong></span> 
     </span>
     <span class='ocr_line' id='line_1_93' title="bbox 45 5537 877 5599; baseline -0.005 -4"><span class='ocrx_word' id='word_1_682' title='bbox 45 5538 49 5544; x_wconf 71' lang='grc'><em>’</em></span> <span class='ocrx_word' id='word_1_683' title='bbox 91 5540 126 5576; x_wconf 73' lang='lat'><strong>⁸⁹⁸</strong></span> <span class='ocrx_word' id='word_1_684' title='bbox 147 5545 189 5596; x_wconf 87' lang='lat' dir='ltr'><strong>hic</strong></span> <span class='ocrx_word' id='word_1_685' title='bbox 203 5541 301 5597; x_wconf 79' lang='lat' dir='ltr'><strong>desinit</strong></span> <span class='ocrx_word' id='word_1_686' title='bbox 313 5540 352 5597; x_wconf 73' lang='lat' dir='ltr'><strong>db.</strong></span> <span class='ocrx_word' id='word_1_687' title='bbox 381 5539 725 5599; x_wconf 56' lang='lat' dir='ltr'><strong>ultramontanum.</strong></span> <span class='ocrx_word' id='word_1_688' title='bbox 744 5538 784 5590; x_wconf 85' lang='lat' dir='ltr'><strong>3b.</strong></span> <span class='ocrx_word' id='word_1_689' title='bbox 802 5538 828 5590; x_wconf 82' lang='lat' dir='ltr'><strong>t.</strong></span> <span class='ocrx_word' id='word_1_690' title='bbox 849 5537 877 5592; x_wconf 73' lang='lat' dir='ltr'><strong>b.</strong></span> 
     </span>
     <span class='ocr_line' id='line_1_94' title="bbox 261 5651 534 5714; baseline -0.011 -1"><span class='ocrx_word' id='word_1_691' title='bbox 261 5653 410 5714; x_wconf 79' lang='lat' dir='ltr'><strong>Parnon.</strong></span> <span class='ocrx_word' id='word_1_692' title='bbox 436 5651 534 5714; x_wconf 83' lang='lat' dir='ltr'>CLX.</span> 
     </span>
    </p>
   </div>
   <div class='ocr_carea' id='block_1_25' title="bbox 0 0 1864 6014">
    <p class='ocr_par' dir='ltr' id='par_1_26' title="bbox 0 0 1864 6014">
     <span class='ocr_line' id='line_1_95' title="bbox 0 0 1864 6014; baseline 0 0"><span class='ocrx_word' id='word_1_693' title='bbox 0 0 1864 6014; x_wconf 95' lang='lat' dir='ltr'><strong> </strong></span> 
     </span>
    </p>
   </div>
  </div>
 </body>
</html>
