3720 6014
91 209 144 266 529
408 224 414 238 =
564 205 655 260 GEST.
677 205 748 260 asu.
770 203 879 260 cucur.
909 233 944 243 ·-
965 200 1093 260 courir.
1115 200 1273 258 coorscu.
1698 206 1753 263 630

89 339 154 394 stitu
179 337 291 392 fratrum
315 335 462 391 distribuit.
479 335 644 391 Vestiarium
671 337 709 391 ita
736 334 898 407 composuit.
913 338 938 405 Λ
953 332 1069 389 salutem
1086 332 1229 401 ccclesia,
1240 348 1292 388 nec
1303 333 1473 390 medicorum
1484 336 1618 392 auxilium
1634 336 1766 410 quesivit,

88 427 215 499 Quiapue
233 426 317 480 libras
336 440 511 481 nummorum
532 425 559 479 in
581 425 646 481 villa
670 425 801 497 Tumulus
817 425 900 495 dicta,
954 421 1003 476 sed
1024 422 1052 476 in
1067 422 1124 497 lieo
1140 419 1305 478 fiducialiter
1325 423 1455 493 speravit.
1474 423 1505 480 Et
1520 424 1585 480 dum
1605 424 1643 480 ita
1662 425 1766 482 bonum

87 525 180 573 ettrcs
196 516 281 571 libras
294 516 321 570 in
336 514 400 571 villa
419 516 548 581 l'lrerotlr,
560 523 616 571 tres
634 517 720 571 libras
735 525 762 572 et
786 522 904 588 quatuor
955 526 1069 582 operum
1090 526 1201 566 suorum
1223 511 1489 567 consummationem
1520 513 1657 584 potientur
1682 530 1768 586 cxpe-

87 609 193 665 solidos
216 609 245 663 in
264 606 457 675 villallnuuil,
483 609 669 664 octosolidos
693 610 729 663 dc
758 615 831 664 terra
853 607 903 662 la·
954 609 1019 668 ctat,
1046 618 1096 673 per
1129 602 1217 673 ipsius
1245 602 1386 674 patientiae
1419 603 1545 660 virtutem
1581 605 1681 661 bonam
1714 605 1768 661 sibi

87 699 173 754 stradi
195 698 303 753 invilla
321 697 433 760 Nialia
458 697 521 754 villa
544 697 673 754 Esnatica
701 706 730 754 et
750 698 903 769 municipio
955 694 1224 750 consummationem
1255 702 1400 767 praeparat.
1429 696 1641 773 Exeoctusergo
1669 697 1718 753 diu
1740 697 1768 752 iu

87 796 310 871 Eneisquosdam
327 795 583 851 reditusdecrevit:
600 794 711 850 invilla
733 795 818 849 etiam
841 809 904 866 quae
955 787 1066 842 camino
1094 787 1280 843 tribulationis
1307 792 1335 841 ct
1360 787 1539 856 infirmitatis,
1567 797 1712 862 postquam
1733 790 1768 847 23

88 888 188 944 Castris
210 885 451 943 diciturtlibras
471 884 649 940 denariorum
677 884 823 940 annuatim
847 890 904 938 sta·
955 893 1042 933 annos
1065 877 1092 931 in
1117 878 1253 953 regimine
1289 878 1419 950 explevit,
1454 878 1471 936 3
1510 880 1575 935 ldus
1607 880 1769 940 Novembris

88 978 151 1045 tuit,
166 993 198 1032 ea
214 977 320 1032 ratione
345 984 374 1030 ut
396 990 453 1030 uno
468 989 541 1030 anno
566 974 684 1046 pelliciae
713 972 903 1030 avestierario
955 974 1079 1030 debitum
1096 974 1179 1029 solvit
1195 974 1374 1030 humanitatis
1387 976 1541 1032 annolOYl
1558 975 1678 1035 Domini.

89 1074 118 1124 et
137 1068 223 1123 altero
239 1066 332 1138 pellici
346 1082 362 1120 a
374 1065 427 1121 loci
448 1065 607 1136 praeposito,
621 1070 648 1119 et
658 1063 774 1119 cucullae
789 1071 819 1118 et
834 1063 905 1118 tuni·
1169 1066 1212 1121 bu
1232 1066 1396 1122 rruruano
1417 1068 1552 1123 austra.

89 1175 129 1215 cae
144 1159 276 1215 fratribus
300 1160 432 1213 darentur
455 1174 471 1213 a
503 1158 663 1214 camerario.
691 1159 718 1212 lo
736 1157 800 1213 villa
820 1155 902 1212 ctiam
989 1158 1034 1212 ut.
1052 1156 1185 1214 Defuncto
1204 1157 1305 1214 llisacb
1324 1158 1437 1228 abbate,
1459 1160 1507 1232 qui
1525 1167 1604 1233 pater
1617 1169 1672 1218 tam
1694 1177 1767 1218 ama·

88 1251 162 1308 Turb
173 1252 256 1319 dicta,
269 1268 331 1324 quar
347 1251 401 1306 sita
415 1257 457 1306 est
478 1251 507 1305 in
526 1266 596 1324 pago
622 1249 904 1321 Bracbanticosupcr
954 1247 1020 1302 bilis
1049 1255 1077 1302 et
1100 1247 1236 1302 aecclesiae
1264 1248 1311 1302 Dei
1336 1257 1391 1303 tam
1417 1250 1494 1306 utilis
1523 1250 1621 1318 fuerat,
1650 1253 1768 1309 multum

86 1357 186 1413 aquam
212 1356 275 1413 quae
309 1339 344 1396 ob
384 1339 561 1395 dulcedinem
602 1347 629 1394 ct
674 1339 825 1395 bonitatem
860 1339 903 1395 sui
954 1339 1115 1394 meroriset
1137 1336 1334 1393 sollicitudinis
1353 1339 1600 1396 Gemblacensibus
1621 1359 1766 1399 remanse-

87 1433 236 1504 orttatssc)
249 1431 509 1498 abincolisdicitur,
521 1431 904 1487 medictatemreditustotius
954 1438 1004 1485 rat.
1020 1430 1110 1485 lileror
1133 1436 1192 1484 erat
1207 1430 1241 1484 dc
1262 1429 1329 1484 tanti
1346 1432 1463 1501 pastoris
1488 1432 1649 1501 amissione,
1663 1435 1768 1492 sollici·

87 1522 158 1579 villae
170 1521 339 1578 vestierario
354 1521 501 1596 delegavit.
516 1521 578 1576 Post
591 1520 649 1576 bace
662 1521 813 1576 Balduinus
826 1520 909 1575 cleri·
959 1521 1035 1588 tudo,
1057 1537 1091 1575 nc
1112 1520 1138 1576 ei
1152 1520 1314 1577 succederet
1338 1523 1385 1593 qui
1402 1531 1570 1598 congregata
1583 1525 1767 1599 dispergeret,
1818 1534 1822 1540 '

86 1627 136 1667 cus
151 1609 318 1666 Soneionsis
334 1608 495 1665 fraternitati
512 1615 612 1663 nostrae
632 1609 762 1674 sociatus,
792 1608 905 1665 alteram
958 1613 1084 1684 dispersa
1096 1628 1152 1667 non
1165 1621 1358 1688 congregaret.
1371 1613 1424 1668 Sed
1441 1614 1768 1674 misericorditerconso·

87 1699 282 1765 medictatem,
299 1713 361 1770 quae
380 1698 478 1767 eljure
493 1697 651 1768 patrimonii
665 1696 849 1770 competebat,
870 1698 905 1753 ob
956 1703 1027 1759 latus
1051 1712 1093 1759 est
1108 1719 1156 1759 eos
1171 1703 1243 1759 Deus
1258 1711 1337 1775 pater
1351 1704 1617 1775 misericordiarum,
1638 1707 1707 1763 dans
1726 1709 1767 1764 eia

87 1793 206 1848 salutem
229 1791 328 1846 animae
348 1807 404 1845 suae
420 1790 531 1859 adiecit.
545 1789 644 1845 Statuit
665 1791 759 1856 ctiam,
773 1800 803 1845 ut
816 1806 906 1846 came·
955 1811 987 1849 er
1003 1793 1101 1849 eodem
1119 1792 1235 1848 cenobio
1249 1792 1378 1848 abbatem
1393 1795 1506 1850 nominc
1525 1795 1701 1853 tietmarum.
1720 1798 1768 1855 llic

89 1886 179 1942 rarius
194 1901 243 1956 per
258 1901 287 1939 se
303 1883 436 1950 villicum,
454 1883 631 1939 investituras
646 1892 673 1939 et
688 1883 789 1954 placita
807 1882 906 1938 babeat
956 1898 1001 1954 per
1028 1882 1121 1937 omnia
1141 1897 1261 1953 sequens
1299 1882 1416 1958 vestigia
1454 1884 1668 1955 praedecessoris
1710 1887 1765 1954 sui,

91 1978 221 2034 villarum
235 1977 286 2032 sub
315 1975 531 2048 sedegentium.
564 1974 761 2031 Cellerarioad
781 1974 905 2047 saginam
955 1974 1067 2029 adauxit
1081 1973 1173 2045 potius
1186 1989 1268 2045 quarn
1279 1973 1381 2029 minuit
1395 1975 1574 2031 substantiam
1592 1977 1766 2034 nronasterii.

94 2070 310 2141 comparandam
326 2074 436 2123 centum
453 2067 557 2123 solidos
572 2068 700 2122 instituit.
718 2068 757 2122 ld
774 2068 905 2123 utensilia
955 2063 1005 2129 Qui
1030 2063 1095 2117 dum
1120 2062 1291 2133 temporibus
1319 2062 1432 2118 antelati
1453 2063 1562 2120 abbatis
1581 2073 1675 2122 custos
1693 2071 1766 2123 esset

90 2159 278 2230 comparanda
297 2157 481 2223 officinarum,
498 2157 761 2229 bocestcoquiuee,
781 2157 904 2228 pistrini,
954 2155 1096 2223 aecclesiae,
1125 2154 1271 2209 ambonem
1294 2155 1433 2230 evangelii
1461 2163 1489 2211 ct
1518 2155 1650 2213 feretrum
1677 2158 1764 2214 sancti

85 2251 202 2318 cambae,
219 2251 353 2324 granarii,
375 2250 488 2322 triginta
503 2249 608 2305 solidos
624 2249 658 2305 de
680 2266 764 2305 censu
781 2250 904 2306 cortilio·
955 2244 1083 2316 Exuperii
1103 2258 1170 2299 auro
1185 2249 1213 2298 ct
1233 2250 1347 2316 argento
1362 2244 1481 2312 vestivit,
1497 2253 1524 2300 ct
1538 2261 1623 2316 opere
1644 2245 1765 2320 anaglifo

92 2347 306 2403 rnnannnaiim
320 2345 515 2410 cairoensem
530 2345 803 2401 cecinasfeniunde
818 2344 904 2400 borres
954 2333 1105 2389 decoravit·
1128 2333 1195 2389 truie
1213 2333 1328 2406 glorian
1351 2333 1446 2387 muudi
1467 2332 1580 2408 fugienti
1599 2342 1626 2388 et
1640 2349 1764 2405 pauper-

87 2452 154 2493 suos
177 2436 265 2491 aleret
285 2435 378 2490 dedit:
405 2434 583 2505 praebendam
604 2443 631 2490 et
657 2435 764 2490 calceos
785 2433 905 2487 bubulco
957 2434 1039 2482 tatem
1063 2425 1209 2482 christiin
1237 2425 1368 2481 omnibus
1385 2426 1524 2498 sequenti,
1542 2426 1676 2498 praedium
1692 2426 1764 2483 lluc-

87 2526 136 2598 qui
172 2526 248 2598 ligna
280 2524 315 2578 de
334 2523 403 2578 silva
431 2539 482 2595 per
508 2523 634 2597 singulos
667 2522 727 2576 dies
755 2521 906 2576 adduceret
956 2523 1027 2578 berti
1050 2521 1463 2594 clerici,quiapostatadictus
1487 2520 1587 2590 fuerat,
1613 2532 1765 2579 conventus

87 2614 240 2669 stabilivit:
271 2614 378 2668 bortum
408 2613 442 2667 ad
471 2612 566 2667 lrolera
595 2611 733 2679 facienda,
771 2608 905 2664 bubulca-
956 2613 1069 2668 fratrum
1080 2613 1309 2667 indominicatum
1325 2611 1410 2667 dedit.
1429 2612 1490 2684 lpse
1506 2610 1635 2667 fratribus
1646 2611 1766 2670 fraterna

91 2703 160 2757 riam
176 2709 278 2756 cortem
309 2717 371 2755 cum
392 2700 501 2756 cortilio
521 2700 644 2756 bubulco
671 2698 818 2772 delegarit·
844 2698 905 2752 lituo
955 2712 983 2759 et
998 2712 1111 2776 paterna
1129 2704 1321 2760 vicissitudine
1336 2719 1370 2758 eu
1387 2703 1523 2758 reditibus
1538 2704 1598 2773 ejus
1619 2704 1715 2776 praedii
1729 2705 1764 2760 50

90 2794 185 2849 omnia
209 2794 343 2848 subcura
367 2792 504 2847 cellerarii
530 2799 666 2859 statuens,
692 2807 816 2846 mensam
845 2789 903 2844 fra·
954 2794 1059 2849 solidos
1090 2794 1246 2861 redonavit,
1266 2809 1299 2848 ca
1327 2792 1488 2848 conditione
1507 2797 1537 2847 ut
1564 2808 1630 2848 ase
1652 2808 1765 2848 succes-

89 2892 161 2940 trum
196 2885 247 2938 sub
281 2900 342 2955 epus
383 2899 448 2938 cura
484 2883 637 2938 constituit.
676 2882 770 2952 ltaque
801 2896 900 2951 panem
954 2886 1065 2942 soribus
1086 2886 1144 2940 suis
1170 2887 1312 2941 annuatim
1335 2885 1368 2940 ad
1394 2900 1461 2939 usus
1491 2883 1603 2939 fratrum
1630 2885 1658 2939 in
1687 2884 1764 2941 festia

89 2973 221 3027 librorum
255 2973 390 3036 duarum;
415 2970 555 3042 legumen,
582 2972 716 3042 pisorum,
741 2986 790 3025 ⁵0¹1
821 2969 900 3024 sibffl·
953 2980 1102 3050 praecipuis
1115 2978 1440 3035 duosolididarcnturin
1455 2976 1763 3048 emptionempiscium.

90 3061 130 3116 td
162 3061 331 3131 emptionem
359 3060 475 3115 secundi
512 3061 670 3132 pulmenti,
698 3074 832 3127 ⁰i⁰i1¹¹¹ii
860 3073 903 3112 ⁰²*
988 3068 1099 3123 libiste
1113 3075 1190 3140 pater
1206 3083 1364 3139 permanus
1378 3067 1472 3123 domni
1487 3066 1606 3121 lictardi
1622 3066 1763 3139 praepositi

90 3150 206 3211 ⁸⁰b⁸⁰¹¹
229 3149 345 3219 piscium
366 3149 461 3203 decem
479 3158 506 3203 θῑ
530 3159 591 3204 00ῑο
621 3148 752 3204 dinariis
771 3163 821 3218 per
843 3147 903 3201 diis
952 3159 995 3213 sui
1021 3159 1135 3231 criptam
1165 3158 1434 3213 inlrouoresanotae
1462 3156 1510 3212 uei
1531 3156 1675 3232 genitricis
1695 3172 1763 3213 con-

90 3242 224 3315 singulos.
241 3243 261 3293 a
276 3240 406 3295 Kalendis
425 3241 551 3295 Octobris
566 3255 653 3311 usque
674 3242 707 3295 ad
734 3240 902 3295 dominicam
953 3248 1062 3313 struxit,
1089 3253 1117 3300 et
1136 3245 1287 3301 cancellum
1303 3244 1397 3299 altaris
1415 3246 1503 3300 saneti
1524 3245 1597 3300 Petri
1612 3261 1645 3301 ex
1663 3244 1761 3301 bumili

91 3332 305 3405 septuagesimae
332 3331 442 3385 tertium
471 3330 642 3401 pulmentum
669 3331 816 3385 herbarum
839 3332 902 3386 lior·
954 3347 982 3394 et
1006 3354 1089 3410 parvo
1119 3338 1147 3391 in
1175 3337 1262 3392 forma
1284 3352 1339 3409 qua
1353 3353 1428 3391 nunc
1443 3337 1566 3392 cernitur
1582 3337 1763 3405 reformavit,

93 3428 226 3493 tensium,
251 3427 338 3494 justas
364 3425 431 3479 duas
461 3426 575 3480 cervicae
606 3425 712 3492 diatim,
748 3441 903 3480 mensuram
955 3427 1300 3494 intirmoruminlantum,
1322 3427 1458 3498 hospitum
1474 3443 1767 3499 pauperumquesem-

92 3516 152 3573 viui
168 3531 217 3585 pcr
242 3515 367 3588 singulos
393 3520 511 3585 quatuor
532 3514 633 3569 diebus
651 3514 815 3570 ebdomadis
842 3530 904 3570 curn
955 3536 1112 3592 percaram
1134 3518 1350 3590 praecordialiter
1374 3517 1487 3575 babuit:
1509 3518 1685 3588 praebendam
1708 3517 1765 3576 fra-

92 3608 210 3663 karitate
225 3606 347 3670 sabbati;
370 3606 524 3677 paximotes
544 3606 733 3678 similagineos
751 3608 776 3661 in
798 3607 906 3662 duode—
956 3621 1027 3667 trnm
1043 3611 1065 3666 si
1087 3626 1141 3665 non
1157 3609 1277 3676 adauxit,
1295 3609 1321 3662 iu
1342 3609 1417 3663 nullo
1439 3609 1578 3677 diminuit,
1594 3610 1642 3666 sed
1658 3611 1765 3680 vinum,

91 3702 145 3757 cim
163 3699 311 3770 praecipuis
337 3699 588 3770 sollempnitatibus
609 3700 674 3753 anni
697 3701 764 3755 liora
785 3699 904 3771 prandii,
956 3705 1057 3776 pisces,
1080 3702 1197 3756 similam
1220 3700 1391 3772 temporibus
1411 3699 1519 3756 statutis
1545 3702 1766 3774 omnitempore

94 3793 237 3864 placentas
252 3798 278 3846 et
301 3790 409 3846 oblatas
439 3807 502 3846 cum
533 3791 594 3845 aliis
610 3791 734 3847 bellariis
754 3792 787 3846 ad
809 3808 905 3846 cenam
956 3796 1089 3850 vitaesuae
1110 3793 1215 3865 absque
1244 3793 1299 3848 ulla
1315 3792 1508 3849 retractatione
1534 3794 1764 3852 subministravit.

94 3885 298 3939 amministrare
314 3884 455 3955 praecepit.
482 3883 547 3939 Cras
571 3882 696 3941 forsitam
717 3884 792 3940 dieet
807 3884 907 3956 aliquis
992 3883 1257 3941 serenantes
1281 3898 1368 3954 nepos
1391 3883 1452 3954 ejus
1471 3883 1639 3958 cognomine
1655 3885 1767 3961 Longus

98 3978 256 4049 qualitatem
286 3977 465 4048 perpendens
495 3977 639 4047 praesentis
664 3977 815 4048 temporis:
844 3977 908 4031 Fot-
957 3975 991 4030 de
1016 3975 1080 4029 villa
1093 3974 1166 4028 lirul
1188 3973 1260 4028 dicta
1276 3973 1359 4028 filiam
1382 3972 1466 4029 villici
1483 3973 1629 4030 alberonis
1650 3973 1677 4029 in
1697 3988 1766 4029 con·

96 4083 156 4123 som
171 4072 219 4133 est,
236 4067 364 4136 quoditie
384 4068 497 4134 lenitum
520 4083 660 4137 rvunquom
678 4068 730 4123 toli
757 4068 843 4121 secuto
864 4069 908 4120 usi
955 4067 1062 4141 jugimn
1082 4065 1189 4134 aceepit
1199 4073 1226 4119 et
1245 4063 1280 4118 ab
1290 4064 1402 4132 abbate,
1419 4071 1516 4137 utpote
1537 4080 1553 4119 a
1575 4073 1690 4136 parente
1703 4079 1766 4133 suo,

98 4169 162 4217 sunt
188 4162 314 4216 morracbi
337 4162 412 4215 itlius
439 4164 574 4230 tempores.
604 4161 659 4216 Scit
687 4161 769 4228 fleus,
790 4161 837 4231 qui
866 4166 908 4215 cst
959 4156 1119 4213 molendino
1140 4155 1167 4209 iu
1191 4154 1344 4226 municipio
1371 4154 1453 4209 Eneis
1480 4155 1535 4210 sito
1554 4154 1616 4224 iure
1636 4154 1766 4212 beneficii

98 4271 205 4309 summa
228 4256 339 4321 veritas,
360 4256 425 4327 quia
443 4256 518 4328 quod
548 4256 603 4312 vidi
629 4256 736 4328 scripsi;
764 4265 792 4312 et
815 4256 906 4312 adhuc
957 4252 1126 4311 munerabit,
1151 4244 1337 4311 hiciiiifflles
1356 4249 1387 4298 ¹¹²
1406 4242 1537 4315 quimdiu
1564 4242 1666 4313 59⁸⁰OE
1685 4244 1767 4299 helei

97 4351 247 4416 supersunt
262 4353 347 4399 testes
367 4346 461 4400 idonei
475 4345 520 4400 ⁷⁰⁰.
919 4337 1020 4433 Dejus
1033 4336 1169 4403 viverent,
1185 4335 1238 4390 boc
1252 4334 1418 4398 fruerentur,
1439 4334 1502 4387 etsi
1518 4333 1572 4387 vita
1587 4332 1767 4406 decederent,

49 4502 52 4507 Ι
134 4433 178 4487 to.
195 4432 306 4488 Addidit
318 4434 460 4489 annuatim
481 4434 613 4489 aecclesiae
632 4434 739 4489 custodi
752 4433 786 4488 ro
805 4433 909 4489 solidos
960 4428 1129 4484 monasterio
1145 4427 1342 4481 restitueretur.
1367 4423 1439 4479 infra
1459 4423 1681 4495 quinquennium
1698 4440 1764 4497 ergo

100 4537 274 4577 nummorum
292 4532 319 4577 et
327 4523 531 4592 coemptionem
547 4523 615 4588 vini,
632 4539 664 4577 ex
675 4537 730 4593 quo
745 4523 777 4557 ⁷⁶¹
794 4521 908 4577 cotidie·
960 4523 1042 4578 trilrui
1057 4520 1152 4575 liberis
1169 4534 1201 4573 cr
1216 4520 1256 4573 eis
1280 4517 1440 4589 procreatis,
1463 4517 1570 4571 Franco
1585 4516 1658 4589 apud
1677 4516 1767 4574 Distra

100 4629 167 4668 num
183 4612 576 4683 missaesacrificiumoportet
595 4613 740 4668 celebrari.
765 4613 803 4667 td
828 4612 909 4667 anni·
961 4616 987 4670 in
1004 4614 1076 4669 bello
1097 4611 1248 4684 perimitur,
1267 4616 1294 4664 et
1322 4609 1355 4662 ab
1381 4606 1605 4675 amicisrelatus,
1634 4607 1661 4662 in
1677 4608 1766 4679 cymi·

101 4704 250 4760 versariam
271 4706 344 4760 diem
366 4722 421 4760 suae
442 4705 624 4775 depositionis
643 4705 785 4761 constituit
803 4721 907 4759 annua·
960 4704 1028 4759 terio
1045 4698 1262 4756 Gemmelacensi
1283 4713 1345 4752 cum
1370 4696 1463 4750 multis
1477 4696 1597 4752 lacrimis
1621 4696 1764 4769 sepelitur.

102 4797 150 4851 tim
177 4798 234 4851 dari
265 4797 393 4852 fratribus
421 4797 436 4852 8
470 4797 620 4852 solidorum
647 4797 802 4864 karitatem,
823 4796 909 4869 gratia
959 4797 1018 4851 filii
1037 4795 1119 4850 etiarn
1149 4793 1220 4861 cius,
1242 4799 1306 4845 ante
1330 4795 1446 4844 mortem
1471 4789 1506 4823 ³⁸¹
1532 4789 1618 4860 patris
1642 4796 1669 4844 et
1693 4794 1764 4860 post,

99 4891 153 4962 pire
181 4889 390 4944 recordationis.
409 4890 438 4943 ln
466 4890 598 4944 memoria
613 4897 716 4944 aeterna
742 4889 793 4944 erit
818 4888 908 4944 bonus
960 4884 1098 4939 bominem
1124 4887 1228 4935 exuunt
1261 4877 1306 4931 llis
1321 4877 1360 4931 ita
1374 4876 1584 4945 decedentibus,
1598 4877 1684 4933 abbas
1703 4893 1765 4950 quae

100 4982 286 5053 dispensator,
311 4981 510 5036 obauditione
539 4981 611 5035 malo
634 4997 689 5037 non
710 4981 826 5044 timebit,
844 4981 908 5053 quia
960 4972 1075 5027 dederat
1104 4968 1213 5040 repetit,
1236 4976 1277 5020 set
1303 4964 1384 5049 illiti·
1408 4982 1490 5036 quam
1516 4967 1644 5036 sperabat
1663 4964 1764 5019 evenit·

101 5086 167 5142 spes
186 5071 245 5137 ejus
260 5086 371 5140 semper
388 5070 414 5123 in
429 5069 544 5124 Domino
560 5069 620 5124 fuit.
961 5063 1126 5120 lleiulrctlus
1152 5059 1226 5115 enim
1243 5058 1322 5113 miles
1344 5056 1482 5113 Ueliensis
1500 5057 1618 5114 conubio
1647 5056 1768 5112 sociatus

136 5157 181 5214 50.
195 5159 294 5215 Ultima
309 5158 522 5232 etateegrotavit
536 5158 631 5214 doloro
645 5160 746 5229 pedum
759 5160 910 5215 schemen·
961 5157 1063 5213 relictae
1084 5152 1241 5220 franconis,
1267 5151 1361 5208 omnia
1382 5166 1445 5222 quau
1465 5150 1525 5220 ejus
1549 5149 1669 5214 fuerant,
1684 5147 1767 5202 anni·

101 5253 219 5319 tissime,
248 5253 296 5306 sed
331 5268 382 5307 nec
408 5253 436 5305 in
465 5252 522 5322 ipsa
553 5251 711 5309 infirmitate
748 5255 911 5329 neglegebat
960 5254 1078 5304 tentect
1099 5245 1245 5312 adjuvante
1270 5239 1526 5306 lllberonovillico,
1544 5239 1606 5307 jure
1630 5234 1768 5309 conjugali

778 5382 887 5437 vautra
902 5377 1089 5437 LECTlONES.

137 5482 171 5516 ³⁸⁰
186 5483 246 5538 atto
258 5488 374 5554 tempore
384 5484 473 5539 eodem
486 5500 581 5539 murras
597 5488 686 5554 pergit
724 5484 756 5518 ⁷⁶¹
769 5500 802 5539 cx
818 5500 873 5555 quo
885 5502 899 5540 e
911 5500 981 5541 corr.
1024 5476 1241 5547 tuscanensem
1262 5476 1349 5543 primo
1359 5471 1419 5540 eius
1435 5484 1496 5525 moa
1507 5483 1624 5524 morum.

888 5581 991 5638 llblAE.

141 5652 212 5720 (soci
230 5653 250 5708 r.
264 5668 288 5707 c.
301 5616 402 5707 claun.
