3720 6014
90 289 143 346 435
696 279 869 336 sionaanrr
893 279 1154 338 oeuaunonusrs.
1706 301 1762 356 430

164 435 342 480 nouauonuu.
418 430 590 472 rnauconuu.
664 426 822 469 uuouonnrr.
905 412 1019 482 Annam
1034 409 1165 481 perrexit.
1186 413 1220 467 tt
1238 412 1278 468 rlli
1299 412 1432 471 durantes
1453 415 1482 470 in
1500 397 1686 480 maliciasua,
1701 415 1761 472 'ele-

89 513 230 572 exactione
252 506 370 583 predicti
393 521 494 562 consus
508 504 582 577 qnod
612 500 894 562 vocaturnomescot.
945 507 1046 574 gerunt
1074 500 1102 556 in
1129 501 1257 559 abbatem
1277 503 1410 572 bisonem,
1438 499 1560 571 priorem
1588 502 1758 564 idaminiaci.

87 608 244 663 ahsolutum
269 610 297 658 et
310 601 435 674 quietum
461 604 513 664 est,
531 596 596 670 quia
617 596 690 652 iden
706 610 764 661 rex,
788 592 895 649 scilicet
945 592 1003 658 Quo
1017 591 1149 649 defuncto
1172 589 1243 645 inira
1258 589 1380 661 primum
1405 607 1510 648 anunm
1540 594 1585 651 sui
1601 597 1757 669 regiminis,

88 693 156 763 oua,
179 702 206 749 et
220 688 419 749 monasterium
440 686 518 759 prius
544 683 694 752 addicavit,
722 688 751 739 et
778 695 895 737 censum
944 680 1364 755 elegeruntquendamstrenua
1391 683 1544 742 nobilitatis
1560 686 1694 755 juvenem
1706 707 1758 748 no-

87 784 209 841 Romane
225 780 343 838 ecclesie
371 775 532 852 assignauit.
554 774 639 840 Quem
659 780 756 845 postea
781 783 895 827 censum
944 770 1019 825 mine
1045 771 1165 826 Petrum.
1186 771 1330 837 Quomodo
1357 780 1450 829 autem
1477 775 1621 845 predictus
1644 779 1759 838 Pontius

86 876 207 932 Canutus
227 890 274 930 rex
293 871 376 929 totius
390 868 487 944 Anglie
501 874 529 923 et
543 867 619 922 batia
640 879 760 937 pergens
780 862 894 917 Romam
945 860 980 915 de
992 859 1163 916 ierosolimis
1189 861 1310 929 rediens,
1332 862 1435 918 iterum
1455 863 1578 933 abbatie,
1596 866 1641 922 cui
1656 884 1760 927 renun-

87 981 160 1022 anno
174 960 372 1020 incarnationis
389 957 528 1014 dominice
551 955 632 1022 1030,
647 954 683 1010 dc
708 950 784 1009 omni
807 964 894 1023 regno
943 956 1068 1020 tiaverat
1089 971 1201 1028 praesse
1213 956 1310 1024 voluit,
1327 964 1355 1013 et
1370 960 1510 1031 quomodo
1527 960 1657 1019 scismate
1685 963 1759 1023 iacto

87 1054 286 1131 dugliesanctc
300 1051 423 1106 ltomane
436 1046 555 1103 ecclesie
574 1043 729 1109 eoncessit;
752 1058 814 1098 cum
839 1039 896 1097 Offa
943 1047 972 1101 in
993 1046 1092 1103 eodem
1118 1049 1297 1113 monasterio,
1322 1049 1439 1104 multum
1466 1050 1580 1106 bomani
1609 1055 1759 1126 sanguinis

90 1142 280 1203 tantummodo
291 1140 327 1195 de
341 1152 427 1211 regno
441 1151 503 1198 sno,
525 1134 554 1189 id
568 1139 612 1189 eut
630 1132 665 1188 dc
687 1132 734 1188 illa
749 1138 824 1204 parte
839 1131 896 1186 dn·
943 1137 1060 1195 effusum
1075 1148 1127 1205 est,
1143 1140 1230 1211 pudet
1243 1140 1346 1197 dicere.
1373 1141 1516 1198 Remansit
1532 1151 1625 1200 tamen
1640 1161 1760 1203 venera-

89 1236 146 1312 glie
158 1251 212 1309 que
226 1234 315 1290 Marce
330 1230 440 1295 dicitur,
454 1227 532 1282 illum
546 1241 660 1282 censum
674 1223 894 1296 Psillssdedissel·
943 1234 992 1290 bili
1021 1236 1099 1292 Petro
1122 1237 1247 1310 regimen
1272 1238 1433 1293 monasterii
1461 1237 1652 1296 cluniacensis
1682 1242 1758 1315 qnod

89 1329 258 1395 lliunmn.)
288 1323 354 1379 Cum
380 1327 473 1377 autem
497 1334 544 1374 rex
573 1317 707 1373 llcnriens
729 1316 764 1372 ad
793 1320 896 1389 pascha
944 1327 1034 1382 adbuc
1047 1326 1179 1398 disponit,
1196 1328 1342 1384 transactis
1357 1329 1458 1384 exinde
1478 1329 1513 1385 32
1537 1331 1627 1387 annis.
1645 1331 1760 1389 Pontius

90 1420 294 1479 transfretasset
307 1416 336 1472 in
362 1410 569 1477 Normanniam,
603 1407 655 1464 luit
681 1409 800 1466 maxima
824 1413 897 1467 iuter
944 1433 1009 1474 uero
1025 1419 1245 1484 inmonasterio,
1270 1421 1344 1493 quod
1360 1429 1474 1476 vocatur
1494 1420 1582 1478 Cauca
1611 1423 1695 1496 (368),
1725 1424 1760 1480 ad

92 1526 155 1566 eum
178 1505 316 1564 discordia
353 1511 381 1559 et
409 1518 502 1575 regem
527 1498 693 1555 Francorum
722 1500 899 1557 ludovicum.
950 1506 1077 1562 ultimum
1107 1515 1232 1563 mortuus
1262 1515 1312 1564 est.
1337 1508 1462 1563 Mortuus
1488 1515 1531 1565 est
1556 1517 1648 1566 autem
1677 1511 1760 1567 etiam

92 1598 177 1654 Causa
194 1603 285 1652 autem
305 1595 356 1648 bec
381 1597 455 1654 erat:
477 1588 613 1644 lebaldus
634 1588 732 1644 consul
754 1588 900 1656 blesensis,
950 1597 1004 1654 hoe
1017 1614 1090 1654 anno
1104 1599 1177 1671 (569)
1191 1601 1233 1655 vir
1256 1600 1403 1674 religiosus
1423 1605 1451 1654 et
1466 1615 1566 1675 magne
1606 1599 1760 1666 literature,

91 1707 180 1767 nepos
204 1688 278 1763 regis
305 1685 455 1760 bogiorum
482 1681 602 1747 Raurici,
633 1691 730 1736 0011111
757 1681 900 1737 (hminum
930 1692 999 1764 ,luo
1019 1689 1195 1746 tarnatensis
1209 1690 1368 1762 episcopus.
1394 1689 1442 1744 llic
1467 1688 1533 1744 dnm
1562 1695 1635 1744 esset
1651 1689 1762 1759 iuvenis

91 1801 172 1842 suum
193 1799 286 1857 regem
302 1781 468 1835 Francorum
485 1791 560 1831 arma
575 1783 764 1846 promoverat3
784 1774 902 1846 incujna
953 1782 1058 1837 audivit
1084 1782 1244 1859 magistrum
1270 1782 1452 1837 lanfrancum
1474 1781 1595 1852 priorem
1624 1782 1703 1838 Becci
1727 1781 1761 1837 de

92 1877 223 1934 auxilium
239 1891 285 1930 reu
301 1870 450 1946 inglomm
471 1869 556 1924 duces
569 1883 634 1924 suos
648 1867 831 1942 militiamque
848 1868 903 1924 mi·
953 1874 1124 1930 secularibus
1148 1881 1175 1930 et
1189 1873 1292 1931 divinis
1312 1872 1412 1929 litteris
1428 1879 1591 1928 tractantem
1617 1873 1646 1927 in
1663 1872 1711 1929 illa
1722 1873 1763 1930 la·

91 1969 138 2037 sit,
154 1979 183 2024 et
196 1981 287 2039 regem
304 1979 360 2019 non
376 1960 553 2018 mediocriter
566 1957 671 2014 aillixit.
953 1977 1030 2018 mosa
1058 1963 1133 2019 scola
1159 1979 1239 2036 qoam
1271 1962 1348 2018 Becei
1364 1961 1470 2028 tennit;
1498 1962 1527 2017 in
1553 1976 1608 2032 qua
1627 1961 1707 2018 multi
1737 1968 1766 2018 et

128 2060 208 2116 1117.
223 2061 356 2116 Henrteua
372 2057 412 2111 ll.
429 2055 575 2111 ludovicus
587 2053 615 2109 8.
630 2056 761 2109 trevirum
777 2055 788 2110 i
803 2053 847 2108 17.
954 2048 1100 2104 nobilitate
1120 2051 1238 2105 seculari
1266 2050 1412 2106 honestate
1437 2064 1546 2105 morum
1575 2056 1766 2107 convenerunt

130 2149 190 2221 (lb.)
214 2147 330 2204 ilenrico
363 2143 513 2221 anglorum
532 2143 591 2218 regi
617 2142 795 2216 grauissimus
822 2142 901 2199 labor
950 2138 1000 2193 viri
1014 2138 1126 2209 prediti,
1154 2146 1181 2194 ct
1197 2139 1244 2209 qui
1260 2146 1357 2210 postea
1371 2138 1405 2193 ad
1426 2154 1563 2193 summum
1593 2138 1763 2209 apiccmec-

92 2237 250 2296 insurrexit.
267 2237 432 2292 iuraverunt
454 2247 573 2304 namque
597 2247 644 2287 rex
666 2230 831 2288 Francorum
848 2231 901 2287 Lu·
950 2229 1105 2285 clesiastice
1120 2229 1263 2301 dignitatis
1277 2238 1305 2286 et
1315 2230 1459 2303 roligionis
1473 2231 1634 2305 attigerunt.
1662 2230 1759 2287 Postea

92 2332 217 2398 doricus,
234 2337 261 2386 et
275 2344 369 2385 comes
385 2325 561 2383 Flandrensis
576 2324 737 2380 Balduinus.
751 2331 779 2379 et
803 2325 901 2380 consul
950 2334 1016 2375 uero
1037 2319 1110 2374 idem
1132 2320 1178 2375 lvo
1199 2319 1360 2392 aliquandiu
1376 2318 1479 2391 profuit
1496 2319 1646 2376 couventui
1674 2335 1759 2377 cauo·

93 2421 300 2500 audegavensis
320 2420 413 2488 Fulco,
438 2436 467 2474 sc
483 2417 677 2474 Normanniam
703 2416 759 2492 rogi
783 2417 901 2473 ilenrico
953 2414 1077 2470 uicorum
1089 2414 1256 2490 regularium
1271 2415 1360 2470 sancti
1378 2414 1502 2479 Quintini
1518 2413 1705 2471 belvacensis.
1723 2415 1763 2471 td

92 2514 243 2576 ablaturos.
258 2519 286 2566 et
300 2508 444 2564 Willermo
458 2507 515 2563 lilio
531 2506 643 2563 Roberti
666 2506 746 2563 ducis
768 2505 903 2561 Norman-
953 2507 1079 2562 ultimum
1106 2508 1256 2579 episcopus
1272 2506 1370 2575 iactus,
1393 2501 1462 2562 r‘exit
1479 2506 1627 2563 ecclesiam
1655 2506 1761 2564 Carno-

93 2605 140 2662 nic
155 2620 215 2660 eam
230 2601 353 2657 daturos.
370 2598 447 2655 Multi
462 2597 546 2652 etiam
561 2612 707 2668 procerum
730 2597 804 2671 regis
825 2579 900 2651 Heri·
953 2601 1060 2651 tensem
1075 2595 1192 2651 viriliter
1202 2601 1229 2651 et
1241 2595 1371 2670 religiose
1386 2595 1445 2652 sera
1458 2612 1510 2668 per
1524 2612 1615 2652 annos
1628 2597 1675 2652 23.
1694 2596 1765 2652 Reli-

93 2695 143 2751 rici
164 2697 341 2750 recesserunt
357 2687 392 2743 ab
408 2702 453 2754 co,
468 2685 544 2758 quod
559 2685 678 2741 maximo
695 2686 721 2741 ei
750 2686 904 2742 luitdetri·
953 2690 1116 2761 quitautem
1128 2691 1556 2748 multamonimentaindustric
1575 2690 1765 2768 sue,religio·

94 2789 197 2839 mento.
213 2780 262 2847 Qui
278 2786 370 2834 tamen
386 2791 441 2832 uon
470 2774 651 2846 improuidus,
676 2775 705 2828 in
721 2775 823 2830 auxilio
851 2790 902 2831 suo
954 2781 997 2835 nis
1009 2790 1037 2836 et
1050 2780 1198 2853 sapientie,
1215 2779 1371 2838 edificando
1387 2782 1494 2838 scilicet
1506 2781 1706 2838 monasterium
1718 2798 1766 2839 ca-

94 2872 223 2930 comitem
241 2867 392 2924 lebaldum
421 2864 577 2938 predictum
606 2872 735 2935 nepotem
764 2881 855 2931 suum,
876 2873 904 2922 et
954 2871 1118 2928 nonicorum
1132 2872 1218 2929 sancti
1235 2871 1369 2929 lobannis
1384 2873 1503 2929 challe
1516 2873 1640 2944 (5¹10,)in
1663 2888 1719 2945 quo
1738 2882 1766 2930 et

95 2961 236 3018 consulem
247 2959 454 3014 brittannorum
467 2954 609 3012 Conanum
619 2953 748 3010 habebat.
763 2955 904 3013 Venerunt
954 2963 1079 3034 sepultus
1094 2972 1146 3032 est,
1167 2973 1195 3020 et
1211 2965 1309 3022 domos
1321 2965 1456 3038 episcopii
1479 2964 1618 3034 iaciendo,
1638 2976 1665 3023 et
1679 2982 1695 3022 a
1709 2981 1767 3022 ma-

95 3056 181 3130 igitnr
193 3070 239 3110 rex
254 3053 421 3107 Francorum
434 3057 463 3106 et
482 3050 538 3105 dux
554 3049 731 3105 Flandrensis
746 3066 808 3106 eum
824 3067 905 3107 exer·
954 3055 988 3110 lis
1002 3056 1255 3113 consuetudinibus
1267 3068 1295 3114 et
1317 3058 1508 3114 exactionibus
1531 3059 1642 3115 comitis
1670 3058 1769 3115 Carnu

95 3146 151 3204 citu
166 3144 195 3200 in
209 3141 414 3200 Normanniam.
429 3141 459 3196 ln
470 3155 525 3212 qna
540 3155 603 3195 curn
613 3155 668 3195 una
681 3145 762 3196 nocte
775 3139 902 3209 luissent,
918 3117 1044 3202 Ctensis
1058 3146 1132 3202 idem
1148 3147 1319 3219 episcopium
1340 3147 1496 3217 liberando,
1526 3159 1554 3205 et
1581 3149 1670 3205 multa
1691 3149 1769 3206 utilia

95 3237 276 3297 lormidantes
289 3236 436 3290 adventum
462 3231 536 3307 regis
556 3232 666 3288 ilenrioi
692 3249 753 3289 cum
770 3232 863 3309 anglis
878 3241 907 3290 et
956 3238 1115 3295 scribendo.

95 3332 303 3394 Normanniset
327 3329 476 3397 Britannis,
503 3330 538 3385 ad
562 3328 688 3385 suasine
712 3329 905 3389 bellorevcrsl
992 3331 1072 3386 lll8.
1239 3331 1282 3387 11.
1446 3332 1472 3386 9.
1619 3334 1667 3390 18.

95 3434 170 3484 suut.
188 3427 243 3483 iloc
263 3425 361 3481 eodem
375 3438 449 3479 anno
463 3436 513 3493 pro
531 3420 696 3478 necessitate
711 3421 788 3496 regia
802 3421 907 3496 geldris
993 3426 1087 3497 (Hunc.
1104 3427 1162 3497 vu.)
1176 3426 1284 3482 ilenrici
1296 3431 1323 3481 et
1338 3425 1467 3482 Lndovior
1483 3443 1580 3500 regum
1602 3442 1766 3499 procerum-

93 3518 270 3578 crcberrimis
288 3523 316 3573 et
335 3513 527 3572 exactionibus
537 3513 621 3569 variis
635 3513 732 3587 Anglia
744 3529 903 3585 compressa
953 3536 1007 3591 qne
1020 3535 1115 3575 eorum
1128 3517 1211 3592 longa
1225 3518 1373 3574 debellatio
1387 3518 1653 3593 grauissimeregem
1665 3530 1769 3579 utrum-

94 3616 144 3666 cst.
160 3609 291 3666 Tonitrua
305 3620 370 3662 vero
381 3611 408 3661 ct
419 3602 603 3678 grandinesin
614 3602 726 3659 Kalend·
743 3602 904 3659 Decembris
953 3628 1008 3683 que
1018 3611 1135 3677 vexavit,
1151 3610 1241 3666 donec
1254 3609 1406 3665 balduinus
1415 3611 1625 3668 strenuissimus
1637 3614 1765 3673 Flandrie

94 3697 443 3767 affuerunt‚etiueodcm
469 3711 566 3751 mense
593 3696 683 3752 celum
713 3697 828 3768 rubeus,
847 3699 903 3754 acsi
953 3700 1061 3766 consul,
1085 3699 1159 3771 apud
1182 3699 1221 3754 Ou
1251 3699 1280 3753 in
1308 3699 1477 3755 Normannia
1502 3700 1641 3758 seditione
1654 3702 1767 3761 militari

95 3793 212 3856 arderet,
234 3789 370 3862 apparuit.
393 3787 493 3863 vigilia
512 3788 587 3843 enim
616 3788 766 3845 nativitatis
794 3791 902 3848 bomini
954 3789 1061 3845 lunaste
1075 3789 1245 3855 vnlneratus,
1267 3790 1301 3844 ad
1317 3805 1366 3844 sua
1381 3790 1505 3845 recessit.
1529 3791 1612 3848 Porro
1629 3792 1769 3851 Robertns

96 3885 183 3941 lactus
201 3891 243 3936 est
257 3887 356 3937 uentus
369 3879 530 3946 vehemens,
546 3879 629 3935 silvas
643 3881 787 3937 eradicans
801 3889 831 3938 et
854 3884 905 3940 do·
953 3879 1048 3935 consul
1063 3878 1232 3946 debellent,
1253 3878 1479 3949 sapientissimus
1495 3879 1523 3935 in
1539 3880 1624 3936 rebus
1638 3883 1769 3940 seculari-

96 3989 157 4029 moa
171 3980 328 4029 conterens.
354 3969 436 4024 Passa
451 3975 493 4024 est
512 3968 595 4024 etiam
611 3969 676 4025 luna
695 3970 830 4041 eclipsim.
846 3973 905 4029 Ter·
954 3975 1007 4031 bus
1025 3976 1150 4034 omnium
1166 3976 1194 4032 in
1207 3975 1362 4031 Jerusalem
1382 3976 1553 4050 degentium,
1567 3984 1596 4033 at
1609 3977 1685 4052 regis
1701 3978 1770 4035 llan-

96 4062 313 4122 remotnsetiam
338 4061 474 4117 maximus
492 4059 682 4117 lactnscstin
701 4062 903 4138 Longobardia
942 4068 1004 4124 ⁴riei
1029 4068 1173 4124 familiaris
1200 4068 1385 4133 consiliarius,
1417 4069 1480 4124 luce
1504 4069 1648 4126 mundana
1668 4071 1766 4127 caruit.

95 4160 237 4226 ccclesias,
252 4165 350 4225 turres,
361 4157 459 4213 domos
472 4162 500 4213 et
515 4155 642 4214 homines
656 4157 811 4216 destruens.
828 4161 903 4217 Iton·
957 4161 1004 4216 Cui
1019 4168 1212 4218 successerunt
1236 4159 1285 4215 lilii
1305 4160 1359 4227 sui,
1381 4148 1531 4217 Galeranus
1552 4161 1580 4217 in
1601 4160 1770 4219 Normannia

96 4270 148 4310 nus
161 4252 275 4309 Pontius
294 4250 381 4305 abbas
402 4248 590 4305 cluniacensis
612 4266 675 4306 cum
700 4251 783 4308 vellet
804 4254 837 4308 ad
853 4270 907 4310 nn·
957 4249 1044 4305 lactus
1058 4264 1152 4305 comcs
1167 4248 1306 4317 Melleuti,
1327 4256 1355 4305 et
1369 4249 1503 4305 Robertus
1520 4250 1548 4304 in
1562 4250 1661 4325 anglia
1682 4251 1770 4308 iactus

94 4363 178 4424 gnam
188 4344 464 4418 corrigereoxeessus
477 4352 505 4398 et
519 4342 546 4397 in
562 4342 624 4399 cibo
640 4343 704 4400 etin
720 4345 820 4402 vestitu
836 4364 907 4421 quo·
958 4357 1051 4398 comes
1067 4341 1215 4397 Lecestrie.
1242 4340 1288 4411 (A.
1313 4341 1401 4412 lietb.)
1416 4341 1490 4397 uniit
1512 4343 1637 4398 secunda
1650 4341 1770 4400 Matildis

96 4440 214 4497 rundnm
234 4439 443 4505 monachornm,
463 4438 511 4510 qni
539 4439 676 4495 exteriora
704 4440 828 4509 ejusdem
848 4460 907 4501 m0.
960 4431 1107 4504 anglorum
1124 4430 1230 4504 regina,
1255 4431 1421 4486 venerabilis
1444 4446 1513 4486 uxor
1526 4431 1636 4486 ilenrioi
1651 4431 1724 4504 regis
1743 4437 1771 4487 et

96 4528 209 4585 nasterii
224 4528 335 4604 negotia
349 4527 518 4583 tractabant:
547 4527 757 4585 insurrexerunt
784 4531 812 4587 in
833 4490 948 4602 eum,D
961 4533 1048 4583 mater
1069 4526 1267 4599 imperatrici&
1284 4527 1319 4581 de
1341 4527 1419 4596 anus
1445 4526 1568 4582 bonitale
1589 4525 1716 4598 largiflua
1742 4534 1769 4582 el

96 4627 124 4676 ot
152 4626 293 4675 crescente
321 4620 470 4687 simultate,
486 4626 685 4677 accusaverunt
705 4636 768 4678 eum
796 4624 824 4679 in
849 4641 911 4697 pre·
961 4633 1067 4674 morum
1087 4617 1223 4689 probitate
1245 4615 1408 4672 multimoda
1422 4615 1517 4671 dicere
1541 4632 1592 4687 per
1610 4615 1721 4688 singula
1746 4616 1769 4672 si

97 4715 186 4769 sentia
201 4712 320 4768 Pascalia
338 4728 409 4785 pape
423 4712 497 4787 (567)
526 4713 560 4769 de
579 4713 745 4786 quibusdum
771 4717 906 4790 gravissi.
959 4710 1098 4776 volomus,
1114 4708 1175 4764 dies
1187 4706 1309 4765 deliciet.
1325 4709 1399 4762 inter
1411 4707 1465 4763 alia
1483 4713 1574 4763 tamen
1590 4706 1666 4763 bona
1685 4708 1769 4765 multe

97 4804 149 4861 mis
163 4801 304 4875 capitulis,
317 4802 382 4858 licet
395 4801 480 4859 ialsis.
505 4803 609 4869 Quibus
630 4821 692 4861 cum
710 4805 907 4879 dedignaretur
956 4807 985 4863 in
997 4806 1093 4882 Anglia
1105 4812 1133 4862 et
1147 4803 1315 4861 Normannia
1328 4803 1446 4859 ecclesie
1461 4809 1488 4859 et
1499 4803 1526 4858 in
1542 4801 1605 4859 aliis
1617 4801 1770 4874 provinciis

97 4896 384 4971 responderc,dicens
400 4911 452 4953 nec
466 4896 500 4953 de
516 4899 693 4956 accusatione
708 4913 804 4956 eorum
815 4917 846 4957 se
859 4917 907 4958 cu·
956 4897 1048 4954 adhuc
1068 4896 1110 4952 sui
1132 4895 1280 4967 splendent
1298 4893 1453 4951 beneficiis.
1478 4892 1593 4966 Sepulta
1610 4899 1652 4948 est
1671 4901 1765 4950 autem

100 5002 169 5053 rare,
184 5003 235 5043 nec
250 4984 406 5042 deabbatia
426 5014 458 5027 -
477 4984 637 5044 conlidebat
658 4987 775 5045 enimet
791 4988 906 5048 inbono
957 4991 987 5046 in
1014 4988 1258 5047 Wcstmouasterio
1287 4988 1332 5043 ¹⁵⁵¹.
1368 4987 1526 5057 (Fuscum.)
1557 4985 1683 5042 blortuus
1725 4992 1769 5041 cst

96 5079 271 5137 consciencia
283 5083 311 5134 et
325 5077 352 5133 in
363 5093 467 5152 genere
480 5083 576 5148 utpote
590 5076 664 5134 filius
676 5078 785 5135 comitis
799 5080 905 5155 ldorgu·
957 5081 1040 5137 etiam
1050 5080 1148 5136 eodem
1168 5095 1240 5136 anno
1254 5078 1393 5134 Pascbalis
1412 5093 1484 5150 papa
1508 5091 1605 5132 monae
1631 5075 1767 5142 ianuarii,

97 5172 183 5230 lensia
199 5206 229 5215 -
250 5171 337 5228 inuito
352 5186 424 5243 papa
439 5169 576 5224 abbatiam
593 5171 763 5244 relinquens,
776 5172 906 5229 lerosoli·
956 5173 1000 5228 cui
1016 5172 1152 5249 successit
1178 5170 1301 5227 Gelasius
1333 5169 1422 5225 16502.
1448 5168 1521 5224 Obiit
1545 5167 1629 5223 ctiam
1659 5167 1770 5223 lilexius

770 5273 880 5329 VARtAE
900 5272 1089 5330 taeniotica.

132 5377 165 5412 ⁵⁸¹
181 5394 203 5434 s.
220 5394 246 5434 a.
262 5393 288 5436 a.
305 5376 324 5432 i.
340 5373 383 5429 W.
395 5372 427 5428 in
440 5386 543 5428 rosano
554 5378 674 5432 correcti
688 5375 828 5433 liebertus.
845 5379 955 5434 Desunt.
972 5377 1014 5431 lb.
1030 5374 1070 5432 81.
1086 5378 1132 5432 cua·
1150 5375 1267 5432 babent:
1284 5372 1367 5445 Cujus
1383 5372 1548 5428 misereatur
1565 5385 1582 5425 a
1600 5381 1658 5440 quo
1670 5376 1772 5425 cuncta

880 5477 985 5534 NOTAE.

138 5573 209 5641 (567)
232 5577 308 5631 Errat
331 5576 478 5643 liebertus,
499 5576 618 5632 calixtus
643 5578 667 5633 ll
693 5577 746 5635 luit
775 5595 790 5633 a
814 5579 894 5649 atat,
986 5577 1058 5648 (668)
1072 5577 1107 5632 La
1124 5575 1202 5632 Cava.

99 5644 143 5699 rel
158 5647 241 5717 11233
257 5647 293 5705 ci.
314 5648 458 5705 buchesne
473 5648 545 5705 Bibl.
557 5648 748 5708 cluniacensis
764 5667 791 5722 p.
805 5649 901 5724 161161
991 5649 1070 5721 (669)
1089 5649 1167 5703 Anno
1186 5645 1268 5702 11111,

90 5714 170 5771 1623.
987 5719 1058 5793 (570)
1074 5720 1162 5792 Prope
1181 5717 1343 5774 Carnotum.
