<?xml version="1.0" encoding="UTF-8"?>
<!DOCTYPE html PUBLIC "-//W3C//DTD XHTML 1.0 Transitional//EN"
    "http://www.w3.org/TR/xhtml1/DTD/xhtml1-transitional.dtd">
<html xmlns="http://www.w3.org/1999/xhtml" xml:lang="en" lang="en">
 <head>
  <title>
</title>
<meta http-equiv="Content-Type" content="text/html;charset=utf-8" />
  <meta name='ocr-system' content='tesseract 3.04.00' />
  <meta name='ocr-capabilities' content='ocr_page ocr_carea ocr_par ocr_line ocrx_word'/>
</head>
<body>
  <div class='ocr_page' id='page_1' title='image "./patrologiaecurs69unkngoog_0519.png"; bbox 0 0 3720 6014; ppageno 0'>
   <div class='ocr_carea' id='block_1_1' title="bbox 135 243 204 298">
    <p class='ocr_par' dir='ltr' id='par_1_1' title="bbox 135 243 204 298">
     <span class='ocr_line' id='line_1_1' title="bbox 135 243 204 298; baseline 0.014 -1"><span class='ocrx_word' id='word_1_1' title='bbox 135 243 204 298; x_wconf 73' lang='lat'><strong>1027</strong></span> 
     </span>
    </p>
   </div>
   <div class='ocr_carea' id='block_1_2' title="bbox 623 230 1307 288">
    <p class='ocr_par' dir='ltr' id='par_1_2' title="bbox 623 230 1307 288">
     <span class='ocr_line' id='line_1_2' title="bbox 623 230 1307 288; baseline -0.003 -2"><span class='ocrx_word' id='word_1_2' title='bbox 623 231 807 288; x_wconf 79' lang='lat' dir='ltr'><strong>uuueuoost</strong></span> <span class='ocrx_word' id='word_1_3' title='bbox 827 231 966 286; x_wconf 81' lang='lat' dir='ltr'><strong>xssuths</strong></span> <span class='ocrx_word' id='word_1_4' title='bbox 987 232 1014 286; x_wconf 88' lang='lat' dir='ltr'><strong>S.</strong></span> <span class='ocrx_word' id='word_1_5' title='bbox 1037 230 1155 286; x_wconf 73' lang='lat' dir='ltr'><strong>utitur</strong></span> <span class='ocrx_word' id='word_1_6' title='bbox 1175 231 1307 286; x_wconf 81' lang='lat' dir='ltr'><strong>TREVlR.</strong></span> 
     </span>
    </p>
   </div>
   <div class='ocr_carea' id='block_1_3' title="bbox 1737 229 1803 285">
    <p class='ocr_par' dir='ltr' id='par_1_3' title="bbox 1737 229 1803 285">
     <span class='ocr_line' id='line_1_3' title="bbox 1737 229 1803 285; baseline 0 0"><span class='ocrx_word' id='word_1_7' title='bbox 1737 229 1803 285; x_wconf 76' lang='lat' dir='ltr'><strong>toas</strong></span> 
     </span>
    </p>
   </div>
   <div class='ocr_carea' id='block_1_4' title="bbox 136 357 1805 442">
    <p class='ocr_par' dir='ltr' id='par_1_4' title="bbox 136 357 1805 442">
     <span class='ocr_line' id='line_1_4' title="bbox 136 357 1805 442; baseline -0.009 -18"><span class='ocrx_word' id='word_1_8' title='bbox 136 370 246 442; x_wconf 91' lang='lat' dir='ltr'><strong>quando</strong></span> <span class='ocrx_word' id='word_1_9' title='bbox 275 373 302 422; x_wconf 89' lang='lat' dir='ltr'><strong>et</strong></span> <span class='ocrx_word' id='word_1_10' title='bbox 327 363 435 421; x_wconf 93' lang='lat' dir='ltr'><strong>lumbos</strong></span> <span class='ocrx_word' id='word_1_11' title='bbox 461 364 562 418; x_wconf 88' lang='lat' dir='ltr'><strong>mentis</strong></span> <span class='ocrx_word' id='word_1_12' title='bbox 587 378 645 417; x_wconf 87' lang='lat' dir='ltr'><strong>sure</strong></span> <span class='ocrx_word' id='word_1_13' title='bbox 673 361 804 417; x_wconf 88' lang='lat' dir='ltr'><strong>castitatis</strong></span> <span class='ocrx_word' id='word_1_14' title='bbox 820 360 939 437; x_wconf 76' lang='lat' dir='ltr'><strong>ilabebat</strong></span> <span class='ocrx_word' id='word_1_15' title='bbox 952 364 978 431; x_wconf 77' lang='grc' dir='ltr'>Α</span> <span class='ocrx_word' id='word_1_16' title='bbox 992 361 1112 431; x_wconf 86' lang='lat' dir='ltr'><strong>ipseper</strong></span> <span class='ocrx_word' id='word_1_17' title='bbox 1135 360 1311 415; x_wconf 88' lang='lat' dir='ltr'><strong>dilectionem</strong></span> <span class='ocrx_word' id='word_1_18' title='bbox 1328 360 1444 430; x_wconf 80' lang='lat' dir='ltr'>proximi</span> <span class='ocrx_word' id='word_1_19' title='bbox 1460 360 1524 415; x_wconf 92' lang='lat' dir='ltr'><strong>huic</strong></span> <span class='ocrx_word' id='word_1_20' title='bbox 1545 359 1629 433; x_wconf 87' lang='lat' dir='ltr'><strong>legali</strong></span> <span class='ocrx_word' id='word_1_21' title='bbox 1653 357 1756 413; x_wconf 81' lang='lat' dir='ltr'><strong>similae</strong></span> <span class='ocrx_word' id='word_1_22' title='bbox 1768 357 1805 410; x_wconf 88' lang='lat' dir='ltr'><strong>sie</strong></span> 
     </span>
    </p>
   </div>
   <div class='ocr_carea' id='block_1_5' title="bbox 78 452 947 1638">
    <p class='ocr_par' dir='ltr' id='par_1_5' title="bbox 78 452 947 1638">
     <span class='ocr_line' id='line_1_5' title="bbox 135 452 941 529; baseline -0.012 -13"><span class='ocrx_word' id='word_1_23' title='bbox 135 462 236 517; x_wconf 80' lang='lat' dir='ltr'><strong>virtute</strong></span> <span class='ocrx_word' id='word_1_24' title='bbox 257 458 433 529; x_wconf 78' lang='lat' dir='ltr'><strong>praecinctos3</strong></span> <span class='ocrx_word' id='word_1_25' title='bbox 449 463 476 511; x_wconf 90' lang='lat' dir='ltr'><strong>et</strong></span> <span class='ocrx_word' id='word_1_26' title='bbox 495 461 587 509; x_wconf 88' lang='lat' dir='ltr'><strong>tamen</strong></span> <span class='ocrx_word' id='word_1_27' title='bbox 603 452 809 524; x_wconf 90' lang='lat' dir='ltr'><strong>ipsebonorum</strong></span> <span class='ocrx_word' id='word_1_28' title='bbox 825 467 941 523; x_wconf 89' lang='lat' dir='ltr'><strong>operum</strong></span> 
     </span>
     <span class='ocr_line' id='line_1_6' title="bbox 133 544 942 624; baseline -0.015 -14"><span class='ocrx_word' id='word_1_29' title='bbox 133 552 262 624; x_wconf 89' lang='lat' dir='ltr'><strong>lampade</strong></span> <span class='ocrx_word' id='word_1_30' title='bbox 276 565 333 605; x_wconf 90' lang='lat' dir='ltr'><strong>non</strong></span> <span class='ocrx_word' id='word_1_31' title='bbox 347 564 439 603; x_wconf 83' lang='lat' dir='ltr'><strong>minus</strong></span> <span class='ocrx_word' id='word_1_32' title='bbox 452 563 543 603; x_wconf 89' lang='lat' dir='ltr'><strong>coram</strong></span> <span class='ocrx_word' id='word_1_33' title='bbox 569 547 625 601; x_wconf 94' lang='lat' dir='ltr'><strong>Deo</strong></span> <span class='ocrx_word' id='word_1_34' title='bbox 645 544 767 619; x_wconf 76' lang='lat' dir='ltr'><strong>fulgebat</strong></span> <span class='ocrx_word' id='word_1_35' title='bbox 788 545 876 609; x_wconf 81' lang='lat' dir='ltr'><strong>intus3</strong></span> <span class='ocrx_word' id='word_1_36' title='bbox 897 560 942 599; x_wconf 91' lang='lat' dir='ltr'><strong>se·</strong></span> 
     </span>
     <span class='ocr_line' id='line_1_7' title="bbox 134 638 940 721; baseline -0.011 -18"><span class='ocrx_word' id='word_1_37' title='bbox 134 663 224 721; x_wconf 89' lang='lat' dir='ltr'><strong>quens</strong></span> <span class='ocrx_word' id='word_1_38' title='bbox 236 644 366 700; x_wconf 87' lang='lat' dir='ltr'><strong>videlicet</strong></span> <span class='ocrx_word' id='word_1_39' title='bbox 379 643 409 696; x_wconf 93' lang='lat' dir='ltr'><strong>in</strong></span> <span class='ocrx_word' id='word_1_40' title='bbox 429 643 481 697; x_wconf 90' lang='lat' dir='ltr'><strong>hoc</strong></span> <span class='ocrx_word' id='word_1_41' title='bbox 493 641 608 715; x_wconf 76' lang='lat' dir='ltr'>gratiam</span> <span class='ocrx_word' id='word_1_42' title='bbox 632 638 798 696; x_wconf 79' lang='lat' dir='ltr'><strong>vivificantis</strong></span> <span class='ocrx_word' id='word_1_43' title='bbox 816 638 940 710; x_wconf 88' lang='lat' dir='ltr'><strong>spiritus,</strong></span> 
     </span>
     <span class='ocr_line' id='line_1_8' title="bbox 134 729 942 800; baseline -0.015 -4"><span class='ocrx_word' id='word_1_44' title='bbox 134 749 162 796; x_wconf 93' lang='lat' dir='ltr'><strong>et</strong></span> <span class='ocrx_word' id='word_1_45' title='bbox 176 755 232 794; x_wconf 90' lang='lat' dir='ltr'><strong>non</strong></span> <span class='ocrx_word' id='word_1_46' title='bbox 248 735 401 793; x_wconf 90' lang='lat' dir='ltr'><strong>occidentis</strong></span> <span class='ocrx_word' id='word_1_47' title='bbox 426 735 535 800; x_wconf 70' lang='lat' dir='ltr'><strong>litterae,</strong></span> <span class='ocrx_word' id='word_1_48' title='bbox 561 733 625 787; x_wconf 91' lang='lat' dir='ltr'><strong>dum</strong></span> <span class='ocrx_word' id='word_1_49' title='bbox 652 739 679 787; x_wconf 91' lang='lat' dir='ltr'><strong>et</strong></span> <span class='ocrx_word' id='word_1_50' title='bbox 704 731 771 786; x_wconf 92' lang='lat' dir='ltr'><strong>illud</strong></span> <span class='ocrx_word' id='word_1_51' title='bbox 786 730 871 786; x_wconf 91' lang='lat' dir='ltr'><strong>voluit</strong></span> <span class='ocrx_word' id='word_1_52' title='bbox 902 729 942 784; x_wconf 86' lang='lat' dir='ltr'><strong>la·</strong></span> 
     </span>
     <span class='ocr_line' id='line_1_9' title="bbox 78 824 942 900; baseline -0.016 -8"><span class='ocrx_word' id='word_1_53' title='bbox 78 871 82 882; x_wconf 86' lang='lat'><strong>·</strong></span> <span class='ocrx_word' id='word_1_54' title='bbox 135 850 208 900; x_wconf 90' lang='lat' dir='ltr'><strong>cere,</strong></span> <span class='ocrx_word' id='word_1_55' title='bbox 225 840 252 888; x_wconf 94' lang='lat' dir='ltr'><strong>et</strong></span> <span class='ocrx_word' id='word_1_56' title='bbox 269 830 341 886; x_wconf 91' lang='lat' dir='ltr'><strong>istud</strong></span> <span class='ocrx_word' id='word_1_57' title='bbox 357 844 412 885; x_wconf 93' lang='lat' dir='ltr'><strong>non</strong></span> <span class='ocrx_word' id='word_1_58' title='bbox 437 828 576 884; x_wconf 91' lang='lat' dir='ltr'><strong>omittere.</strong></span> <span class='ocrx_word' id='word_1_59' title='bbox 594 826 656 882; x_wconf 87' lang='lat' dir='ltr'><strong>ilaec</strong></span> <span class='ocrx_word' id='word_1_60' title='bbox 674 825 767 898; x_wconf 83' lang='lat' dir='ltr'><strong>igitur,</strong></span> <span class='ocrx_word' id='word_1_61' title='bbox 782 826 879 881; x_wconf 86' lang='lat' dir='ltr'><strong>iratres</strong></span> <span class='ocrx_word' id='word_1_62' title='bbox 898 824 942 878; x_wconf 92' lang='lat' dir='ltr'><strong>di·</strong></span> 
     </span>
     <span class='ocr_line' id='line_1_10' title="bbox 135 916 944 995; baseline -0.019 -11"><span class='ocrx_word' id='word_1_63' title='bbox 135 925 288 990; x_wconf 78' lang='lat' dir='ltr'><strong>lectissimi,</strong></span> <span class='ocrx_word' id='word_1_64' title='bbox 301 939 363 995; x_wconf 87' lang='lat' dir='ltr'><strong>quae</strong></span> <span class='ocrx_word' id='word_1_65' title='bbox 379 923 412 976; x_wconf 90' lang='lat' dir='ltr'><strong>de</strong></span> <span class='ocrx_word' id='word_1_66' title='bbox 426 922 478 976; x_wconf 88' lang='lat' dir='ltr'><strong>huc</strong></span> <span class='ocrx_word' id='word_1_67' title='bbox 490 920 665 976; x_wconf 89' lang='lat' dir='ltr'><strong>sanctissimo</strong></span> <span class='ocrx_word' id='word_1_68' title='bbox 679 919 738 975; x_wconf 84' lang='lat' dir='ltr'><strong>viro</strong></span> <span class='ocrx_word' id='word_1_69' title='bbox 751 919 807 987; x_wconf 83' lang='lat' dir='ltr'><strong>jam</strong></span> <span class='ocrx_word' id='word_1_70' title='bbox 824 916 944 971; x_wconf 86' lang='lat' dir='ltr'><strong>diximus</strong></span> 
     </span>
     <span class='ocr_line' id='line_1_11' title="bbox 134 1014 943 1094; baseline -0.012 -18"><span class='ocrx_word' id='word_1_71' title='bbox 134 1019 292 1094; x_wconf 82' lang='lat' dir='ltr'><strong>specialiter</strong></span> <span class='ocrx_word' id='word_1_72' title='bbox 306 1017 340 1072; x_wconf 90' lang='lat' dir='ltr'><strong>ad</strong></span> <span class='ocrx_word' id='word_1_73' title='bbox 361 1015 548 1086; x_wconf 89' lang='lat' dir='ltr'><strong>nosmetipsos</strong></span> <span class='ocrx_word' id='word_1_74' title='bbox 575 1014 680 1070; x_wconf 84' lang='lat' dir='ltr'><strong>referre</strong></span> <span class='ocrx_word' id='word_1_75' title='bbox 696 1028 843 1085; x_wconf 89' lang='lat' dir='ltr'><strong>possumus</strong></span> <span class='ocrx_word' id='word_1_76' title='bbox 857 1026 943 1083; x_wconf 87' lang='lat' dir='ltr'><strong>gene-</strong></span> 
     </span>
     <span class='ocr_line' id='line_1_12' title="bbox 135 1101 946 1182; baseline -0.017 -13"><span class='ocrx_word' id='word_1_77' title='bbox 135 1113 243 1178; x_wconf 83' lang='lat' dir='ltr'><strong>raliter3</strong></span> <span class='ocrx_word' id='word_1_78' title='bbox 260 1108 391 1182; x_wconf 90' lang='lat' dir='ltr'><strong>quoniam</strong></span> <span class='ocrx_word' id='word_1_79' title='bbox 407 1107 430 1161; x_wconf 91' lang='lat' dir='ltr'><strong>si</strong></span> <span class='ocrx_word' id='word_1_80' title='bbox 445 1107 587 1177; x_wconf 84' lang='lat' dir='ltr'><strong>praemium</strong></span> <span class='ocrx_word' id='word_1_81' title='bbox 614 1114 727 1161; x_wconf 81' lang='lat' dir='ltr'><strong>aeteruae</strong></span> <span class='ocrx_word' id='word_1_82' title='bbox 754 1101 946 1159; x_wconf 83' lang='lat' dir='ltr'><strong>retributionis</strong></span> 
     </span>
     <span class='ocr_line' id='line_1_13' title="bbox 135 1195 945 1272; baseline -0.016 -12"><span class='ocrx_word' id='word_1_83' title='bbox 135 1221 197 1260; x_wconf 91' lang='lat' dir='ltr'><strong>cum</strong></span> <span class='ocrx_word' id='word_1_84' title='bbox 208 1219 241 1259; x_wconf 90' lang='lat' dir='ltr'><strong>eo</strong></span> <span class='ocrx_word' id='word_1_85' title='bbox 251 1201 379 1272; x_wconf 87' lang='lat' dir='ltr'><strong>cupimus</strong></span> <span class='ocrx_word' id='word_1_86' title='bbox 391 1196 803 1270; x_wconf 87' lang='lat' dir='ltr'><strong>participare,dehemus,sicnt</strong></span> <span class='ocrx_word' id='word_1_87' title='bbox 813 1195 873 1266; x_wconf 90' lang='lat' dir='ltr'><strong>ipsc</strong></span> <span class='ocrx_word' id='word_1_88' title='bbox 886 1209 945 1248; x_wconf 88' lang='lat' dir='ltr'><strong>arn-</strong></span> 
     </span>
     <span class='ocr_line' id='line_1_14' title="bbox 135 1282 944 1360; baseline -0.019 -10"><span class='ocrx_word' id='word_1_89' title='bbox 135 1294 248 1360; x_wconf 84' lang='lat' dir='ltr'><strong>bularit,</strong></span> <span class='ocrx_word' id='word_1_90' title='bbox 263 1299 292 1346; x_wconf 91' lang='lat' dir='ltr'><strong>et</strong></span> <span class='ocrx_word' id='word_1_91' title='bbox 305 1305 357 1346; x_wconf 90' lang='lat' dir='ltr'><strong>nos</strong></span> <span class='ocrx_word' id='word_1_92' title='bbox 371 1288 524 1345; x_wconf 89' lang='lat' dir='ltr'><strong>ambulare.</strong></span> <span class='ocrx_word' id='word_1_93' title='bbox 554 1286 631 1342; x_wconf 87' lang='lat' dir='ltr'><strong>Unde</strong></span> <span class='ocrx_word' id='word_1_94' title='bbox 657 1293 687 1341; x_wconf 94' lang='lat' dir='ltr'><strong>ut</strong></span> <span class='ocrx_word' id='word_1_95' title='bbox 706 1285 808 1355; x_wconf 89' lang='lat' dir='ltr'><strong>priora,</strong></span> <span class='ocrx_word' id='word_1_96' title='bbox 825 1298 887 1354; x_wconf 84' lang='lat' dir='ltr'><strong>quae</strong></span> <span class='ocrx_word' id='word_1_97' title='bbox 902 1282 944 1336; x_wconf 92' lang='lat' dir='ltr'><strong>di-</strong></span> 
     </span>
     <span class='ocr_line' id='line_1_15' title="bbox 136 1372 946 1450; baseline -0.019 -8"><span class='ocrx_word' id='word_1_98' title='bbox 136 1386 273 1449; x_wconf 86' lang='lat' dir='ltr'><strong>misimus,</strong></span> <span class='ocrx_word' id='word_1_99' title='bbox 296 1382 388 1437; x_wconf 89' lang='lat' dir='ltr'><strong>denuo</strong></span> <span class='ocrx_word' id='word_1_100' title='bbox 409 1386 576 1450; x_wconf 79' lang='lat' dir='ltr'><strong>repetamus,</strong></span> <span class='ocrx_word' id='word_1_101' title='bbox 597 1377 715 1432; x_wconf 89' lang='lat' dir='ltr'><strong>similam</strong></span> <span class='ocrx_word' id='word_1_102' title='bbox 742 1374 895 1440; x_wconf 86' lang='lat' dir='ltr'><strong>offerimus,</strong></span> <span class='ocrx_word' id='word_1_103' title='bbox 923 1372 946 1428; x_wconf 91' lang='lat' dir='ltr'><strong>si</strong></span> 
     </span>
     <span class='ocr_line' id='line_1_16' title="bbox 136 1465 947 1534; baseline -0.02 0"><span class='ocrx_word' id='word_1_104' title='bbox 136 1477 301 1534; x_wconf 89' lang='lat' dir='ltr'><strong>munditiam</strong></span> <span class='ocrx_word' id='word_1_105' title='bbox 316 1473 418 1529; x_wconf 87' lang='lat' dir='ltr'><strong>mentis</strong></span> <span class='ocrx_word' id='word_1_106' title='bbox 434 1473 462 1525; x_wconf 92' lang='lat' dir='ltr'><strong>in</strong></span> <span class='ocrx_word' id='word_1_107' title='bbox 479 1471 563 1526; x_wconf 90' lang='lat' dir='ltr'><strong>corde</strong></span> <span class='ocrx_word' id='word_1_108' title='bbox 579 1485 736 1534; x_wconf 88' lang='lat' dir='ltr'><strong>servamus;</strong></span> <span class='ocrx_word' id='word_1_109' title='bbox 748 1468 857 1523; x_wconf 90' lang='lat' dir='ltr'><strong>illorum</strong></span> <span class='ocrx_word' id='word_1_110' title='bbox 872 1465 947 1520; x_wconf 84' lang='lat' dir='ltr'><strong>vidc-</strong></span> 
     </span>
     <span class='ocr_line' id='line_1_17' title="bbox 137 1560 946 1638; baseline -0.015 -12"><span class='ocrx_word' id='word_1_111' title='bbox 137 1572 200 1626; x_wconf 95' lang='lat' dir='ltr'><strong>licet</strong></span> <span class='ocrx_word' id='word_1_112' title='bbox 219 1567 344 1638; x_wconf 85' lang='lat' dir='ltr'><strong>exemplo</strong></span> <span class='ocrx_word' id='word_1_113' title='bbox 355 1567 389 1620; x_wconf 89' lang='lat' dir='ltr'><strong>ab</strong></span> <span class='ocrx_word' id='word_1_114' title='bbox 405 1564 481 1619; x_wconf 91' lang='lat' dir='ltr'><strong>omui</strong></span> <span class='ocrx_word' id='word_1_115' title='bbox 497 1562 625 1617; x_wconf 86' lang='lat' dir='ltr'><strong>vitiorum</strong></span> <span class='ocrx_word' id='word_1_116' title='bbox 641 1560 782 1615; x_wconf 88' lang='lat' dir='ltr'><strong>emundati</strong></span> <span class='ocrx_word' id='word_1_117' title='bbox 800 1563 892 1625; x_wconf 89' lang='lat' dir='ltr'><strong>sorde,</strong></span> <span class='ocrx_word' id='word_1_118' title='bbox 911 1560 946 1614; x_wconf 91' lang='lat' dir='ltr'><strong>de</strong></span> 
     </span>
    </p>
   </div>
   <div class='ocr_carea' id='block_1_6' title="bbox 136 1650 983 1754">
    <p class='ocr_par' dir='ltr' id='par_1_6' title="bbox 136 1650 983 1754">
     <span class='ocr_line' id='line_1_18' title="bbox 136 1650 983 1754; baseline -0.017 -39"><span class='ocrx_word' id='word_1_119' title='bbox 136 1660 237 1734; x_wconf 92' lang='lat' dir='ltr'><strong>quibus</strong></span> <span class='ocrx_word' id='word_1_120' title='bbox 256 1656 460 1726; x_wconf 88' lang='lat' dir='ltr'><strong>scriptumest:</strong></span> <span class='ocrx_word' id='word_1_121' title='bbox 482 1655 559 1707; x_wconf 85' lang='lat' dir='ltr'><strong>ilenti</strong></span> <span class='ocrx_word' id='word_1_122' title='bbox 571 1650 670 1706; x_wconf 82' lang='lat' dir='ltr'><strong>mundo</strong></span> <span class='ocrx_word' id='word_1_123' title='bbox 686 1651 765 1705; x_wconf 90' lang='lat' dir='ltr'><strong>corde</strong></span> <span class='ocrx_word' id='word_1_124' title='bbox 780 1650 887 1717; x_wconf 77' lang='lat' dir='ltr'><strong>(Marcu.</strong></span> <span class='ocrx_word' id='word_1_125' title='bbox 906 1653 941 1716; x_wconf 84' lang='lat' dir='ltr'><strong>r).</strong></span> <span class='ocrx_word' id='word_1_126' title='bbox 958 1687 983 1754; x_wconf 76' lang='lat' dir='ltr'>B</span> 
     </span>
    </p>
   </div>
   <div class='ocr_carea' id='block_1_7' title="bbox 134 1740 946 2997">
    <p class='ocr_par' dir='ltr' id='par_1_7' title="bbox 134 1740 946 2997">
     <span class='ocr_line' id='line_1_19' title="bbox 137 1740 944 1804; baseline -0.014 -1"><span class='ocrx_word' id='word_1_127' title='bbox 137 1748 206 1803; x_wconf 82' lang='lat' dir='ltr'><strong>Huic</strong></span> <span class='ocrx_word' id='word_1_128' title='bbox 233 1753 325 1801; x_wconf 90' lang='lat' dir='ltr'><strong>autem</strong></span> <span class='ocrx_word' id='word_1_129' title='bbox 353 1742 451 1798; x_wconf 82' lang='lat' dir='ltr'><strong>similae</strong></span> <span class='ocrx_word' id='word_1_130' title='bbox 471 1742 542 1795; x_wconf 89' lang='lat' dir='ltr'><strong>bene</strong></span> <span class='ocrx_word' id='word_1_131' title='bbox 571 1740 662 1795; x_wconf 92' lang='lat' dir='ltr'><strong>oleum</strong></span> <span class='ocrx_word' id='word_1_132' title='bbox 693 1740 852 1804; x_wconf 90' lang='lat' dir='ltr'><strong>miscemus,</strong></span> <span class='ocrx_word' id='word_1_133' title='bbox 883 1754 944 1792; x_wconf 92' lang='lat' dir='ltr'><strong>cum</strong></span> 
     </span>
     <span class='ocr_line' id='line_1_20' title="bbox 136 1828 946 1908; baseline -0.015 -16"><span class='ocrx_word' id='word_1_134' title='bbox 136 1835 269 1908; x_wconf 88' lang='lat' dir='ltr'><strong>proximis</strong></span> <span class='ocrx_word' id='word_1_135' title='bbox 295 1833 396 1888; x_wconf 89' lang='lat' dir='ltr'><strong>nostris</strong></span> <span class='ocrx_word' id='word_1_136' title='bbox 419 1830 560 1885; x_wconf 88' lang='lat' dir='ltr'><strong>charitatis</strong></span> <span class='ocrx_word' id='word_1_137' title='bbox 585 1836 612 1884; x_wconf 89' lang='lat' dir='ltr'><strong>et</strong></span> <span class='ocrx_word' id='word_1_138' title='bbox 639 1828 837 1883; x_wconf 86' lang='lat' dir='ltr'><strong>misericordiae</strong></span> <span class='ocrx_word' id='word_1_139' title='bbox 861 1843 946 1898; x_wconf 87' lang='lat' dir='ltr'><strong>opera</strong></span> 
     </span>
     <span class='ocr_line' id='line_1_21' title="bbox 137 1918 945 1995; baseline -0.014 -11"><span class='ocrx_word' id='word_1_140' title='bbox 137 1927 319 1990; x_wconf 79' lang='lat' dir='ltr'><strong>exhibemus,</strong></span> <span class='ocrx_word' id='word_1_141' title='bbox 342 1923 473 1995; x_wconf 90' lang='lat' dir='ltr'><strong>quoniam</strong></span> <span class='ocrx_word' id='word_1_142' title='bbox 497 1920 681 1992; x_wconf 87' lang='lat' dir='ltr'><strong>omnipotenti</strong></span> <span class='ocrx_word' id='word_1_143' title='bbox 704 1920 760 1974; x_wconf 93' lang='lat' dir='ltr'><strong>Deo</strong></span> <span class='ocrx_word' id='word_1_144' title='bbox 779 1918 945 1974; x_wconf 84' lang='lat' dir='ltr'><strong>sacrificium</strong></span> 
     </span>
     <span class='ocr_line' id='line_1_22' title="bbox 137 2013 945 2087; baseline -0.012 -12"><span class='ocrx_word' id='word_1_145' title='bbox 137 2026 262 2075; x_wconf 89' lang='lat' dir='ltr'><strong>nostrum</strong></span> <span class='ocrx_word' id='word_1_146' title='bbox 289 2017 330 2072; x_wconf 89' lang='lat' dir='ltr'><strong>sic</strong></span> <span class='ocrx_word' id='word_1_147' title='bbox 350 2016 520 2087; x_wconf 85' lang='lat' dir='ltr'><strong>permaxime</strong></span> <span class='ocrx_word' id='word_1_148' title='bbox 540 2015 641 2085; x_wconf 89' lang='lat' dir='ltr'><strong>placet,</strong></span> <span class='ocrx_word' id='word_1_149' title='bbox 657 2013 680 2066; x_wconf 91' lang='lat' dir='ltr'><strong>si</strong></span> <span class='ocrx_word' id='word_1_150' title='bbox 705 2028 766 2069; x_wconf 92' lang='lat' dir='ltr'><strong>cum</strong></span> <span class='ocrx_word' id='word_1_151' title='bbox 786 2013 945 2080; x_wconf 89' lang='lat' dir='ltr'><strong>severitate,</strong></span> 
     </span>
     <span class='ocr_line' id='line_1_23' title="bbox 137 2098 945 2181; baseline -0.012 -18"><span class='ocrx_word' id='word_1_152' title='bbox 137 2124 218 2181; x_wconf 91' lang='lat' dir='ltr'><strong>quam</strong></span> <span class='ocrx_word' id='word_1_153' title='bbox 234 2104 386 2178; x_wconf 89' lang='lat' dir='ltr'><strong>spiritualis</strong></span> <span class='ocrx_word' id='word_1_154' title='bbox 394 2103 469 2159; x_wconf 91' lang='lat' dir='ltr'><strong>zelus</strong></span> <span class='ocrx_word' id='word_1_155' title='bbox 479 2101 601 2167; x_wconf 91' lang='lat' dir='ltr'><strong>exhibet,</strong></span> <span class='ocrx_word' id='word_1_156' title='bbox 617 2116 715 2155; x_wconf 88' lang='lat' dir='ltr'><strong>manus</strong></span> <span class='ocrx_word' id='word_1_157' title='bbox 727 2116 742 2154; x_wconf 90' lang='lat' dir='ltr'><strong>a</strong></span> <span class='ocrx_word' id='word_1_158' title='bbox 756 2098 945 2155; x_wconf 89' lang='lat' dir='ltr'><strong>misericordia</strong></span> 
     </span>
     <span class='ocr_line' id='line_1_24' title="bbox 136 2192 945 2258; baseline -0.01 -3"><span class='ocrx_word' id='word_1_159' title='bbox 136 2216 192 2256; x_wconf 92' lang='lat' dir='ltr'><strong>non</strong></span> <span class='ocrx_word' id='word_1_160' title='bbox 216 2205 304 2254; x_wconf 83' lang='lat' dir='ltr'><strong>vacet.</strong></span> <span class='ocrx_word' id='word_1_161' title='bbox 330 2196 435 2252; x_wconf 90' lang='lat' dir='ltr'><strong>Deinde</strong></span> <span class='ocrx_word' id='word_1_162' title='bbox 456 2210 521 2250; x_wconf 85' lang='lat' dir='ltr'><strong>vero</strong></span> <span class='ocrx_word' id='word_1_163' title='bbox 541 2193 666 2250; x_wconf 90' lang='lat' dir='ltr'><strong>eamdem</strong></span> <span class='ocrx_word' id='word_1_164' title='bbox 684 2193 816 2258; x_wconf 86' lang='lat' dir='ltr'><strong>similam,</strong></span> <span class='ocrx_word' id='word_1_165' title='bbox 830 2192 902 2247; x_wconf 90' lang='lat' dir='ltr'><strong>sicut</strong></span> <span class='ocrx_word' id='word_1_166' title='bbox 917 2192 945 2247; x_wconf 92' lang='lat' dir='ltr'><strong>in</strong></span> 
     </span>
     <span class='ocr_line' id='line_1_25' title="bbox 135 2285 945 2368; baseline -0.007 -20"><span class='ocrx_word' id='word_1_167' title='bbox 135 2294 196 2368; x_wconf 86' lang='lat' dir='ltr'><strong>lege</strong></span> <span class='ocrx_word' id='word_1_168' title='bbox 207 2292 323 2361; x_wconf 88' lang='lat' dir='ltr'><strong>jubebat</strong></span> <span class='ocrx_word' id='word_1_169' title='bbox 334 2289 478 2356; x_wconf 82' lang='lat' dir='ltr'><strong>Dominus,</strong></span> <span class='ocrx_word' id='word_1_170' title='bbox 489 2288 551 2344; x_wconf 91' lang='lat' dir='ltr'><strong>oleo</strong></span> <span class='ocrx_word' id='word_1_171' title='bbox 567 2288 666 2344; x_wconf 80' lang='lat' dir='ltr'><strong>laetitiae</strong></span> <span class='ocrx_word' id='word_1_172' title='bbox 683 2302 858 2358; x_wconf 87' lang='lat' dir='ltr'><strong>conspersam</strong></span> <span class='ocrx_word' id='word_1_173' title='bbox 872 2285 945 2342; x_wconf 92' lang='lat' dir='ltr'><strong>bene</strong></span> 
     </span>
     <span class='ocr_line' id='line_1_26' title="bbox 136 2384 946 2464; baseline -0.007 -20"><span class='ocrx_word' id='word_1_174' title='bbox 136 2390 164 2444; x_wconf 92' lang='lat' dir='ltr'><strong>in</strong></span> <span class='ocrx_word' id='word_1_175' title='bbox 179 2388 318 2464; x_wconf 81' lang='lat' dir='ltr'><strong>sartagine</strong></span> <span class='ocrx_word' id='word_1_176' title='bbox 337 2387 478 2459; x_wconf 87' lang='lat' dir='ltr'><strong>ponimus,</strong></span> <span class='ocrx_word' id='word_1_177' title='bbox 493 2387 515 2441; x_wconf 92' lang='lat' dir='ltr'><strong>si</strong></span> <span class='ocrx_word' id='word_1_178' title='bbox 541 2401 590 2441; x_wconf 89' lang='lat' dir='ltr'><strong>cur</strong></span> <span class='ocrx_word' id='word_1_179' title='bbox 606 2395 730 2441; x_wconf 88' lang='lat' dir='ltr'><strong>nostrum</strong></span> <span class='ocrx_word' id='word_1_180' title='bbox 746 2402 795 2456; x_wconf 92' lang='lat' dir='ltr'><strong>per</strong></span> <span class='ocrx_word' id='word_1_181' title='bbox 814 2384 946 2455; x_wconf 88' lang='lat' dir='ltr'><strong>spiritalis</strong></span> 
     </span>
     <span class='ocr_line' id='line_1_27' title="bbox 134 2472 945 2547; baseline -0.009 -13"><span class='ocrx_word' id='word_1_182' title='bbox 134 2478 187 2534; x_wconf 86' lang='lat' dir='ltr'><strong>aeli</strong></span> <span class='ocrx_word' id='word_1_183' title='bbox 203 2478 431 2542; x_wconf 87' lang='lat' dir='ltr'><strong>destructionem,</strong></span> <span class='ocrx_word' id='word_1_184' title='bbox 442 2491 503 2547; x_wconf 82' lang='lat' dir='ltr'><strong>quae</strong></span> <span class='ocrx_word' id='word_1_185' title='bbox 517 2476 545 2529; x_wconf 94' lang='lat' dir='ltr'><strong>in</strong></span> <span class='ocrx_word' id='word_1_186' title='bbox 557 2491 623 2530; x_wconf 88' lang='lat' dir='ltr'><strong>eura</strong></span> <span class='ocrx_word' id='word_1_187' title='bbox 631 2474 784 2529; x_wconf 89' lang='lat' dir='ltr'><strong>animarum</strong></span> <span class='ocrx_word' id='word_1_188' title='bbox 797 2472 945 2545; x_wconf 81' lang='lat' dir='ltr'><strong>perfectius</strong></span> 
     </span>
     <span class='ocr_line' id='line_1_28' title="bbox 135 2563 945 2632; baseline -0.004 -11"><span class='ocrx_word' id='word_1_189' title='bbox 135 2572 313 2632; x_wconf 90' lang='lat' dir='ltr'><strong>monstratur,</strong></span> <span class='ocrx_word' id='word_1_190' title='bbox 328 2581 382 2620; x_wconf 92' lang='lat' dir='ltr'><strong>non</strong></span> <span class='ocrx_word' id='word_1_191' title='bbox 399 2565 486 2619; x_wconf 89' lang='lat' dir='ltr'><strong>solum</strong></span> <span class='ocrx_word' id='word_1_192' title='bbox 504 2563 682 2630; x_wconf 85' lang='lat' dir='ltr'><strong>sacrificium,</strong></span> <span class='ocrx_word' id='word_1_193' title='bbox 697 2563 745 2619; x_wconf 88' lang='lat' dir='ltr'><strong>sed</strong></span> <span class='ocrx_word' id='word_1_194' title='bbox 762 2563 845 2618; x_wconf 90' lang='lat' dir='ltr'><strong>etiam</strong></span> <span class='ocrx_word' id='word_1_195' title='bbox 866 2563 945 2618; x_wconf 92' lang='lat' dir='ltr'><strong>holo-</strong></span> 
     </span>
     <span class='ocr_line' id='line_1_29' title="bbox 136 2651 942 2724; baseline -0.006 -13"><span class='ocrx_word' id='word_1_196' title='bbox 136 2664 259 2711; x_wconf 85' lang='lat' dir='ltr'><strong>caustum</strong></span> <span class='ocrx_word' id='word_1_197' title='bbox 287 2656 417 2710; x_wconf 84' lang='lat' dir='ltr'><strong>Decesse</strong></span> <span class='ocrx_word' id='word_1_198' title='bbox 446 2653 586 2724; x_wconf 89' lang='lat' dir='ltr'><strong>probatur.</strong></span> <span class='ocrx_word' id='word_1_199' title='bbox 608 2653 693 2717; x_wconf 84' lang='lat' dir='ltr'><strong>Quam</strong></span> <span class='ocrx_word' id='word_1_200' title='bbox 714 2653 796 2708; x_wconf 88' lang='lat' dir='ltr'><strong>etiam</strong></span> <span class='ocrx_word' id='word_1_201' title='bbox 826 2651 942 2708; x_wconf 89' lang='lat' dir='ltr'><strong>calidam</strong></span> 
     </span>
     <span class='ocr_line' id='line_1_30' title="bbox 135 2745 939 2812; baseline -0.002 -11"><span class='ocrx_word' id='word_1_202' title='bbox 135 2747 191 2804; x_wconf 92' lang='lat' dir='ltr'><strong>Deo</strong></span> <span class='ocrx_word' id='word_1_203' title='bbox 205 2747 358 2812; x_wconf 85' lang='lat' dir='ltr'><strong>offerimus,</strong></span> <span class='ocrx_word' id='word_1_204' title='bbox 372 2746 401 2800; x_wconf 93' lang='lat' dir='ltr'><strong>in</strong></span> <span class='ocrx_word' id='word_1_205' title='bbox 415 2746 527 2801; x_wconf 91' lang='lat' dir='ltr'><strong>odorem</strong></span> <span class='ocrx_word' id='word_1_206' title='bbox 547 2745 699 2811; x_wconf 78' lang='lat' dir='ltr'><strong>suavitatis,</strong></span> <span class='ocrx_word' id='word_1_207' title='bbox 714 2760 775 2800; x_wconf 92' lang='lat' dir='ltr'><strong>cum</strong></span> <span class='ocrx_word' id='word_1_208' title='bbox 795 2745 871 2799; x_wconf 90' lang='lat' dir='ltr'><strong>zelus</strong></span> <span class='ocrx_word' id='word_1_209' title='bbox 896 2759 939 2799; x_wconf 92' lang='lat' dir='ltr'><strong>re-</strong></span> 
     </span>
     <span class='ocr_line' id='line_1_31' title="bbox 134 2833 941 2898; baseline -0.009 -5"><span class='ocrx_word' id='word_1_210' title='bbox 134 2837 276 2895; x_wconf 90' lang='lat' dir='ltr'><strong>ctitudinis</strong></span> <span class='ocrx_word' id='word_1_211' title='bbox 298 2852 420 2892; x_wconf 90' lang='lat' dir='ltr'><strong>amorem</strong></span> <span class='ocrx_word' id='word_1_212' title='bbox 441 2835 523 2889; x_wconf 89' lang='lat' dir='ltr'><strong>habet</strong></span> <span class='ocrx_word' id='word_1_213' title='bbox 550 2833 701 2890; x_wconf 88' lang='lat' dir='ltr'><strong>charitatis.</strong></span> <span class='ocrx_word' id='word_1_214' title='bbox 720 2833 854 2898; x_wconf 76' lang='lat' dir='ltr'><strong>Quoniam</strong></span> <span class='ocrx_word' id='word_1_215' title='bbox 879 2847 941 2888; x_wconf 93' lang='lat' dir='ltr'><strong>nos-</strong></span> 
     </span>
     <span class='ocr_line' id='line_1_32' title="bbox 135 2920 938 2997; baseline -0.004 -18"><span class='ocrx_word' id='word_1_216' title='bbox 135 2926 187 2997; x_wconf 89' lang='lat' dir='ltr'><strong>ipsi</strong></span> <span class='ocrx_word' id='word_1_217' title='bbox 199 2927 285 2993; x_wconf 88' lang='lat' dir='ltr'><strong>ea,de</strong></span> <span class='ocrx_word' id='word_1_218' title='bbox 295 2942 350 2997; x_wconf 88' lang='lat' dir='ltr'><strong>qua</strong></span> <span class='ocrx_word' id='word_1_219' title='bbox 362 2924 459 2979; x_wconf 89' lang='lat' dir='ltr'><strong>eadem</strong></span> <span class='ocrx_word' id='word_1_220' title='bbox 472 2924 563 2977; x_wconf 91' lang='lat' dir='ltr'><strong>simila</strong></span> <span class='ocrx_word' id='word_1_221' title='bbox 575 2920 699 2989; x_wconf 79' lang='lat' dir='ltr'><strong>offertur,</strong></span> <span class='ocrx_word' id='word_1_222' title='bbox 710 2929 818 2994; x_wconf 82' lang='lat' dir='ltr'><strong>sartago</strong></span> <span class='ocrx_word' id='word_1_223' title='bbox 831 2937 938 2988; x_wconf 90' lang='lat' dir='ltr'><strong>sumus,</strong></span> 
     </span>
    </p>
   </div>
   <div class='ocr_carea' id='block_1_8' title="bbox 991 447 1809 1064">
    <p class='ocr_par' dir='ltr' id='par_1_8' title="bbox 991 447 1809 1064">
     <span class='ocr_line' id='line_1_33' title="bbox 992 447 1794 519; baseline -0.009 -15"><span class='ocrx_word' id='word_1_224' title='bbox 992 449 1083 505; x_wconf 88' lang='lat' dir='ltr'><strong>oleum</strong></span> <span class='ocrx_word' id='word_1_225' title='bbox 1100 449 1295 504; x_wconf 80' lang='lat' dir='ltr'><strong>misericordiae</strong></span> <span class='ocrx_word' id='word_1_226' title='bbox 1315 449 1480 504; x_wconf 89' lang='lat' dir='ltr'><strong>misceamus</strong></span> <span class='ocrx_word' id='word_1_227' title='bbox 1493 459 1523 504; x_wconf 90' lang='lat' dir='ltr'><strong>ut</strong></span> <span class='ocrx_word' id='word_1_228' title='bbox 1537 465 1588 519; x_wconf 89' lang='lat' dir='ltr'><strong>per</strong></span> <span class='ocrx_word' id='word_1_229' title='bbox 1608 447 1794 502; x_wconf 88' lang='lat' dir='ltr'><strong>dilectionem</strong></span> 
     </span>
     <span class='ocr_line' id='line_1_34' title="bbox 991 537 1805 599; baseline -0.007 -5"><span class='ocrx_word' id='word_1_230' title='bbox 991 539 1039 595; x_wconf 87' lang='lat' dir='ltr'><strong>Dei</strong></span> <span class='ocrx_word' id='word_1_231' title='bbox 1047 540 1172 599; x_wconf 85' lang='lat' dir='ltr'><strong>eamdem</strong></span> <span class='ocrx_word' id='word_1_232' title='bbox 1182 539 1304 594; x_wconf 88' lang='lat' dir='ltr'><strong>similam</strong></span> <span class='ocrx_word' id='word_1_233' title='bbox 1311 539 1427 594; x_wconf 92' lang='lat' dir='ltr'><strong>calidam</strong></span> <span class='ocrx_word' id='word_1_234' title='bbox 1440 537 1805 595; x_wconf 81' lang='lat' dir='ltr'><strong>inodoremsuarissimum.</strong></span> 
     </span>
     <span class='ocr_line' id='line_1_35' title="bbox 992 627 1807 706; baseline -0.009 -18"><span class='ocrx_word' id='word_1_235' title='bbox 992 632 1220 706; x_wconf 86' lang='lat' dir='ltr'><strong>Dominojugiter</strong></span> <span class='ocrx_word' id='word_1_236' title='bbox 1235 630 1335 687; x_wconf 81' lang='lat' dir='ltr'><strong>offerre</strong></span> <span class='ocrx_word' id='word_1_237' title='bbox 1355 632 1505 696; x_wconf 90' lang='lat' dir='ltr'><strong>valeamus,</strong></span> <span class='ocrx_word' id='word_1_238' title='bbox 1527 647 1573 696; x_wconf 91' lang='lat' dir='ltr'><strong>ne,</strong></span> <span class='ocrx_word' id='word_1_239' title='bbox 1602 630 1710 703; x_wconf 77' lang='lat' dir='ltr'><strong>frigore</strong></span> <span class='ocrx_word' id='word_1_240' title='bbox 1727 627 1807 684; x_wconf 89' lang='lat' dir='ltr'><strong>totius</strong></span> 
     </span>
     <span class='ocr_line' id='line_1_36' title="bbox 992 719 1807 792; baseline -0.007 -16"><span class='ocrx_word' id='word_1_241' title='bbox 992 719 1184 792; x_wconf 87' lang='lat' dir='ltr'><strong>iniquitatiset</strong></span> <span class='ocrx_word' id='word_1_242' title='bbox 1199 720 1310 776; x_wconf 87' lang='lat' dir='ltr'><strong>malitiae</strong></span> <span class='ocrx_word' id='word_1_243' title='bbox 1321 719 1420 791; x_wconf 90' lang='lat' dir='ltr'><strong>pressi,</strong></span> <span class='ocrx_word' id='word_1_244' title='bbox 1437 720 1619 774; x_wconf 89' lang='lat' dir='ltr'><strong>innumerum</strong></span> <span class='ocrx_word' id='word_1_245' title='bbox 1632 728 1807 775; x_wconf 79' lang='lat' dir='ltr'><strong>transeamus</strong></span> 
     </span>
     <span class='ocr_line' id='line_1_37' title="bbox 992 807 1807 880; baseline -0.009 -16"><span class='ocrx_word' id='word_1_246' title='bbox 992 810 1113 877; x_wconf 91' lang='lat' dir='ltr'><strong>illorum,</strong></span> <span class='ocrx_word' id='word_1_247' title='bbox 1134 809 1286 880; x_wconf 90' lang='lat' dir='ltr'><strong>dequibus</strong></span> <span class='ocrx_word' id='word_1_248' title='bbox 1305 809 1484 864; x_wconf 87' lang='lat' dir='ltr'><strong>dictumest:</strong></span> <span class='ocrx_word' id='word_1_249' title='bbox 1502 809 1668 876; x_wconf 72' lang='lat' dir='ltr'><strong>Resripescet</strong></span> <span class='ocrx_word' id='word_1_250' title='bbox 1686 807 1807 860; x_wconf 86' lang='lat' dir='ltr'><strong>charitas</strong></span> 
     </span>
     <span class='ocr_line' id='line_1_38' title="bbox 993 893 1807 970; baseline -0.011 -14"><span class='ocrx_word' id='word_1_251' title='bbox 993 901 1139 956; x_wconf 83' lang='lat' dir='ltr'><strong>multorom</strong></span> <span class='ocrx_word' id='word_1_252' title='bbox 1161 899 1267 970; x_wconf 76' lang='lat' dir='ltr'><strong>(Matri.</strong></span> <span class='ocrx_word' id='word_1_253' title='bbox 1298 902 1385 968; x_wconf 80' lang='lat' dir='ltr'><strong>xxxv).</strong></span> <span class='ocrx_word' id='word_1_254' title='bbox 1417 898 1494 963; x_wconf 82' lang='lat' dir='ltr'><strong>Quod</strong></span> <span class='ocrx_word' id='word_1_255' title='bbox 1516 899 1575 969; x_wconf 91' lang='lat' dir='ltr'><strong>ipse</strong></span> <span class='ocrx_word' id='word_1_256' title='bbox 1604 902 1741 967; x_wconf 79' lang='lat' dir='ltr'><strong>praestare</strong></span> <span class='ocrx_word' id='word_1_257' title='bbox 1769 893 1807 947; x_wconf 91' lang='lat' dir='ltr'><strong>di·</strong></span> 
     </span>
     <span class='ocr_line' id='line_1_39' title="bbox 994 986 1809 1064; baseline -0.009 -19"><span class='ocrx_word' id='word_1_258' title='bbox 994 996 1104 1064; x_wconf 87' lang='lat' dir='ltr'><strong>gnetur,</strong></span> <span class='ocrx_word' id='word_1_259' title='bbox 1126 990 1172 1062; x_wconf 92' lang='lat' dir='ltr'><strong>qui</strong></span> <span class='ocrx_word' id='word_1_260' title='bbox 1194 1007 1256 1046; x_wconf 92' lang='lat' dir='ltr'><strong>cum</strong></span> <span class='ocrx_word' id='word_1_261' title='bbox 1285 989 1363 1045; x_wconf 88' lang='lat' dir='ltr'><strong>Patre</strong></span> <span class='ocrx_word' id='word_1_262' title='bbox 1388 997 1416 1045; x_wconf 92' lang='lat' dir='ltr'><strong>et</strong></span> <span class='ocrx_word' id='word_1_263' title='bbox 1435 988 1539 1059; x_wconf 87' lang='lat' dir='ltr'><strong>Spiritu</strong></span> <span class='ocrx_word' id='word_1_264' title='bbox 1564 995 1664 1045; x_wconf 89' lang='lat' dir='ltr'><strong>sancto</strong></span> <span class='ocrx_word' id='word_1_265' title='bbox 1694 986 1763 1043; x_wconf 83' lang='lat' dir='ltr'><strong>vivit</strong></span> <span class='ocrx_word' id='word_1_266' title='bbox 1784 993 1809 1040; x_wconf 90' lang='lat' dir='ltr'><strong>et</strong></span> 
     </span>
    </p>
   </div>
   <div class='ocr_carea' id='block_1_9' title="bbox 994 1084 1442 1159">
    <p class='ocr_par' dir='ltr' id='par_1_9' title="bbox 994 1084 1442 1159">
     <span class='ocr_line' id='line_1_40' title="bbox 994 1084 1442 1159; baseline -0.009 -16"><span class='ocrx_word' id='word_1_267' title='bbox 994 1097 1094 1159; x_wconf 81' lang='lat' dir='ltr'><strong>regnat</strong></span> <span class='ocrx_word' id='word_1_268' title='bbox 1108 1087 1137 1141; x_wconf 91' lang='lat' dir='ltr'><strong>in</strong></span> <span class='ocrx_word' id='word_1_269' title='bbox 1154 1086 1255 1141; x_wconf 85' lang='lat' dir='ltr'><strong>saecula</strong></span> <span class='ocrx_word' id='word_1_270' title='bbox 1267 1084 1442 1141; x_wconf 82' lang='lat' dir='ltr'><strong>saeculorum.</strong></span> 
     </span>
    </p>
   </div>
   <div class='ocr_carea' id='block_1_10' title="bbox 1121 1216 1680 1376">
    <p class='ocr_par' dir='ltr' id='par_1_10' title="bbox 1121 1216 1680 1376">
     <span class='ocr_line' id='line_1_41' title="bbox 1312 1216 1486 1273; baseline 0 -1"><span class='ocrx_word' id='word_1_271' title='bbox 1312 1216 1421 1273; x_wconf 74' lang='lat' dir='ltr'><strong>SERDD</strong></span> <span class='ocrx_word' id='word_1_272' title='bbox 1443 1216 1486 1272; x_wconf 81' lang='lat' dir='ltr'><strong>ll.</strong></span> 
     </span>
     <span class='ocr_line' id='line_1_42' title="bbox 1121 1326 1680 1376; baseline -0.009 -8"><span class='ocrx_word' id='word_1_273' title='bbox 1121 1329 1155 1368; x_wconf 89' lang='lat' dir='ltr'><strong>ns</strong></span> <span class='ocrx_word' id='word_1_274' title='bbox 1174 1329 1227 1369; x_wconf 84' lang='lat' dir='ltr'><strong>uuo</strong></span> <span class='ocrx_word' id='word_1_275' title='bbox 1240 1327 1411 1370; x_wconf 79' lang='lat' dir='ltr'><strong>consessore</strong></span> <span class='ocrx_word' id='word_1_276' title='bbox 1424 1328 1513 1376; x_wconf 78' lang='lat' dir='ltr'><strong>trouu</strong></span> <span class='ocrx_word' id='word_1_277' title='bbox 1525 1326 1680 1367; x_wconf 80' lang='lat' dir='ltr'><strong>nonrrrrcs.</strong></span> 
     </span>
    </p>
   </div>
   <div class='ocr_carea' id='block_1_11' title="bbox 997 1421 1808 1852">
    <p class='ocr_par' dir='ltr' id='par_1_11' title="bbox 997 1421 1808 1852">
     <span class='ocr_line' id='line_1_43' title="bbox 997 1421 1808 1497; baseline -0.006 -18"><span class='ocrx_word' id='word_1_278' title='bbox 997 1425 1034 1479; x_wconf 92' lang='lat' dir='ltr'><strong>De</strong></span> <span class='ocrx_word' id='word_1_279' title='bbox 1053 1427 1175 1497; x_wconf 93' lang='lat' dir='ltr'><strong>eoquod</strong></span> <span class='ocrx_word' id='word_1_280' title='bbox 1199 1426 1244 1481; x_wconf 88' lang='lat' dir='ltr'><strong>lex</strong></span> <span class='ocrx_word' id='word_1_281' title='bbox 1266 1426 1406 1497; x_wconf 84' lang='lat' dir='ltr'><strong>praecipit:</strong></span> <span class='ocrx_word' id='word_1_282' title='bbox 1432 1428 1506 1493; x_wconf 80' lang='lat' dir='ltr'><strong>ipris</strong></span> <span class='ocrx_word' id='word_1_283' title='bbox 1534 1430 1565 1480; x_wconf 84' lang='lat' dir='ltr'><strong>r&#39;rt</strong></span> <span class='ocrx_word' id='word_1_284' title='bbox 1587 1425 1677 1479; x_wconf 85' lang='lat' dir='ltr'><strong>altari</strong></span> <span class='ocrx_word' id='word_1_285' title='bbox 1705 1421 1808 1477; x_wconf 84' lang='lat' dir='ltr'><strong>ardebit</strong></span> 
     </span>
     <span class='ocr_line' id='line_1_44' title="bbox 1031 1497 1807 1567; baseline -0.006 -15"><span class='ocrx_word' id='word_1_286' title='bbox 1031 1512 1144 1567; x_wconf 85' lang='lat' dir='ltr'><strong>semper,</strong></span> <span class='ocrx_word' id='word_1_287' title='bbox 1165 1514 1243 1567; x_wconf 86' lang='lat' dir='ltr'><strong>quem</strong></span> <span class='ocrx_word' id='word_1_288' title='bbox 1266 1501 1369 1553; x_wconf 80' lang='lat' dir='ltr'><strong>nutriet</strong></span> <span class='ocrx_word' id='word_1_289' title='bbox 1397 1498 1532 1562; x_wconf 86' lang='lat' dir='ltr'><strong>sacerdos,</strong></span> <span class='ocrx_word' id='word_1_290' title='bbox 1559 1497 1712 1564; x_wconf 77' lang='lat' dir='ltr'><strong>subjiciens</strong></span> <span class='ocrx_word' id='word_1_291' title='bbox 1731 1509 1807 1547; x_wconf 81' lang='lat' dir='ltr'><strong>marae</strong></span> 
     </span>
     <span class='ocr_line' id='line_1_45' title="bbox 1032 1566 1807 1638; baseline -0.006 -16"><span class='ocrx_word' id='word_1_292' title='bbox 1032 1569 1107 1637; x_wconf 81' lang='lat' dir='ltr'><strong>liqna</strong></span> <span class='ocrx_word' id='word_1_293' title='bbox 1113 1584 1164 1637; x_wconf 87' lang='lat' dir='ltr'><strong>per</strong></span> <span class='ocrx_word' id='word_1_294' title='bbox 1177 1570 1294 1638; x_wconf 78' lang='lat' dir='ltr'><strong>stapulas</strong></span> <span class='ocrx_word' id='word_1_295' title='bbox 1310 1570 1385 1635; x_wconf 85' lang='lat' dir='ltr'><strong>dies;</strong></span> <span class='ocrx_word' id='word_1_296' title='bbox 1401 1574 1425 1622; x_wconf 88' lang='lat' dir='ltr'><strong>et</strong></span> <span class='ocrx_word' id='word_1_297' title='bbox 1439 1571 1564 1638; x_wconf 86' lang='lat' dir='ltr'><strong>imposito</strong></span> <span class='ocrx_word' id='word_1_298' title='bbox 1578 1568 1750 1629; x_wconf 81' lang='lat' dir='ltr'><strong>holocauste,</strong></span> <span class='ocrx_word' id='word_1_299' title='bbox 1763 1566 1807 1618; x_wconf 89' lang='lat' dir='ltr'><strong>de-</strong></span> 
     </span>
     <span class='ocr_line' id='line_1_46' title="bbox 1030 1640 1807 1710; baseline -0.005 -16"><span class='ocrx_word' id='word_1_300' title='bbox 1030 1655 1110 1709; x_wconf 85' lang='lat' dir='ltr'><strong>super</strong></span> <span class='ocrx_word' id='word_1_301' title='bbox 1125 1640 1243 1695; x_wconf 85' lang='lat' dir='ltr'><strong>adolebit</strong></span> <span class='ocrx_word' id='word_1_302' title='bbox 1258 1641 1352 1710; x_wconf 83' lang='lat' dir='ltr'><strong>adipes</strong></span> <span class='ocrx_word' id='word_1_303' title='bbox 1364 1643 1547 1710; x_wconf 70' lang='lat' dir='ltr'><strong>perilli-emam.</strong></span> <span class='ocrx_word' id='word_1_304' title='bbox 1585 1641 1663 1708; x_wconf 82' lang='lat' dir='ltr'><strong>ipris</strong></span> <span class='ocrx_word' id='word_1_305' title='bbox 1684 1641 1737 1692; x_wconf 89' lang='lat' dir='ltr'><strong>iste</strong></span> <span class='ocrx_word' id='word_1_306' title='bbox 1748 1651 1807 1706; x_wconf 86' lang='lat' dir='ltr'><strong>per-</strong></span> 
     </span>
     <span class='ocr_line' id='line_1_47' title="bbox 1028 1709 1803 1836; baseline -0.009 -71"><span class='ocrx_word' id='word_1_307' title='bbox 1028 1715 1124 1836; x_wconf 53' lang='lat' dir='ltr'><strong>petutgr</strong></span> <span class='ocrx_word' id='word_1_308' title='bbox 1143 1719 1191 1773; x_wconf 86' lang='lat' dir='ltr'><strong>est,</strong></span> <span class='ocrx_word' id='word_1_309' title='bbox 1210 1714 1258 1782; x_wconf 85' lang='lat' dir='ltr'><strong>qui</strong></span> <span class='ocrx_word' id='word_1_310' title='bbox 1271 1727 1411 1781; x_wconf 84' lang='lat' dir='ltr'><strong>nunquam</strong></span> <span class='ocrx_word' id='word_1_311' title='bbox 1439 1712 1541 1779; x_wconf 68' lang='lat' dir='ltr'><strong>deficiet</strong></span> <span class='ocrx_word' id='word_1_312' title='bbox 1566 1710 1599 1765; x_wconf 85' lang='lat' dir='ltr'><strong>de</strong></span> <span class='ocrx_word' id='word_1_313' title='bbox 1624 1711 1718 1766; x_wconf 87' lang='lat' dir='ltr'><strong>altari</strong></span> <span class='ocrx_word' id='word_1_314' title='bbox 1734 1709 1803 1776; x_wconf 80' lang='lat' dir='ltr'><strong>(bec.</strong></span> 
     </span>
     <span class='ocr_line' id='line_1_48' title="bbox 1033 1783 1206 1852; baseline 0.017 -18"><span class='ocrx_word' id='word_1_315' title='bbox 1033 1799 1069 1847; x_wconf 85' lang='lat' dir='ltr'><strong>vr,</strong></span> <span class='ocrx_word' id='word_1_316' title='bbox 1090 1783 1102 1836; x_wconf 88' lang='lat' dir='ltr'><strong>l</strong></span> <span class='ocrx_word' id='word_1_317' title='bbox 1127 1783 1206 1852; x_wconf 88' lang='lat' dir='ltr'><strong>‚l3).</strong></span> 
     </span>
    </p>
   </div>
   <div class='ocr_carea' id='block_1_12' title="bbox 991 1919 1807 3000">
    <p class='ocr_par' dir='ltr' id='par_1_12' title="bbox 991 1919 1807 3000">
     <span class='ocr_line' id='line_1_49' title="bbox 1032 1919 1807 1989; baseline -0.006 -10"><span class='ocrx_word' id='word_1_318' title='bbox 1032 1925 1100 1989; x_wconf 83' lang='lat' dir='ltr'><strong>Quia</strong></span> <span class='ocrx_word' id='word_1_319' title='bbox 1119 1925 1252 1980; x_wconf 91' lang='lat' dir='ltr'><strong>Dominus</strong></span> <span class='ocrx_word' id='word_1_320' title='bbox 1265 1923 1362 1980; x_wconf 89' lang='lat' dir='ltr'><strong>Noster</strong></span> <span class='ocrx_word' id='word_1_321' title='bbox 1376 1924 1456 1979; x_wconf 83' lang='lat' dir='ltr'><strong>lesus</strong></span> <span class='ocrx_word' id='word_1_322' title='bbox 1471 1922 1606 1989; x_wconf 81' lang='lat' dir='ltr'><strong>Christus,</strong></span> <span class='ocrx_word' id='word_1_323' title='bbox 1622 1921 1726 1976; x_wconf 86' lang='lat' dir='ltr'><strong>iratres</strong></span> <span class='ocrx_word' id='word_1_324' title='bbox 1746 1919 1807 1975; x_wconf 87' lang='lat' dir='ltr'><strong>cha-</strong></span> 
     </span>
     <span class='ocr_line' id='line_1_50' title="bbox 998 2012 1806 2086; baseline -0.005 -18"><span class='ocrx_word' id='word_1_325' title='bbox 998 2015 1109 2082; x_wconf 89' lang='lat' dir='ltr'><strong>rissimi,</strong></span> <span class='ocrx_word' id='word_1_326' title='bbox 1121 2031 1171 2086; x_wconf 88' lang='lat' dir='ltr'><strong>per</strong></span> <span class='ocrx_word' id='word_1_327' title='bbox 1191 2015 1384 2085; x_wconf 72' lang='lat' dir='ltr'><strong>predicatores</strong></span> <span class='ocrx_word' id='word_1_328' title='bbox 1406 2013 1534 2069; x_wconf 75' lang='lat' dir='ltr'><strong>Ecclesiae</strong></span> <span class='ocrx_word' id='word_1_329' title='bbox 1551 2028 1654 2068; x_wconf 91' lang='lat' dir='ltr'><strong>nomen</strong></span> <span class='ocrx_word' id='word_1_330' title='bbox 1672 2028 1757 2066; x_wconf 90' lang='lat' dir='ltr'><strong>suum</strong></span> <span class='ocrx_word' id='word_1_331' title='bbox 1780 2012 1806 2065; x_wconf 91' lang='lat' dir='ltr'><strong>in</strong></span> 
     </span>
     <span class='ocr_line' id='line_1_51' title="bbox 996 2104 1806 2181; baseline -0.006 -18"><span class='ocrx_word' id='word_1_332' title='bbox 996 2107 1125 2181; x_wconf 85' lang='lat' dir='ltr'><strong>gentibus</strong></span> <span class='ocrx_word' id='word_1_333' title='bbox 1146 2122 1179 2163; x_wconf 93' lang='lat' dir='ltr'><strong>eo</strong></span> <span class='ocrx_word' id='word_1_334' title='bbox 1209 2115 1332 2178; x_wconf 88' lang='lat' dir='ltr'><strong>tempore</strong></span> <span class='ocrx_word' id='word_1_335' title='bbox 1359 2106 1445 2162; x_wconf 86' lang='lat' dir='ltr'><strong>voluit</strong></span> <span class='ocrx_word' id='word_1_336' title='bbox 1466 2106 1570 2178; x_wconf 91' lang='lat' dir='ltr'><strong>ubique</strong></span> <span class='ocrx_word' id='word_1_337' title='bbox 1595 2104 1734 2173; x_wconf 89' lang='lat' dir='ltr'><strong>distendi,</strong></span> <span class='ocrx_word' id='word_1_338' title='bbox 1754 2119 1806 2177; x_wconf 92' lang='lat' dir='ltr'><strong>quo</strong></span> 
     </span>
     <span class='ocr_line' id='line_1_52' title="bbox 996 2194 1806 2269; baseline -0.005 -18"><span class='ocrx_word' id='word_1_339' title='bbox 996 2211 1046 2268; x_wconf 90' lang='lat' dir='ltr'><strong>pro</strong></span> <span class='ocrx_word' id='word_1_340' title='bbox 1069 2196 1240 2252; x_wconf 88' lang='lat' dir='ltr'><strong>illustrandis</strong></span> <span class='ocrx_word' id='word_1_341' title='bbox 1269 2195 1392 2250; x_wconf 86' lang='lat' dir='ltr'><strong>fidelium</strong></span> <span class='ocrx_word' id='word_1_342' title='bbox 1425 2194 1577 2260; x_wconf 87' lang='lat' dir='ltr'><strong>cordibus,</strong></span> <span class='ocrx_word' id='word_1_343' title='bbox 1602 2194 1699 2269; x_wconf 86' lang='lat' dir='ltr'><strong>ignem</strong></span> <span class='ocrx_word' id='word_1_344' title='bbox 1728 2208 1806 2248; x_wconf 82' lang='lat' dir='ltr'><strong>suunt</strong></span> 
     </span>
     <span class='ocr_line' id='line_1_53' title="bbox 996 2287 1806 2356; baseline -0.006 -13"><span class='ocrx_word' id='word_1_345' title='bbox 996 2289 1070 2343; x_wconf 92' lang='lat' dir='ltr'><strong>misit</strong></span> <span class='ocrx_word' id='word_1_346' title='bbox 1095 2289 1122 2343; x_wconf 92' lang='lat' dir='ltr'><strong>in</strong></span> <span class='ocrx_word' id='word_1_347' title='bbox 1158 2299 1271 2356; x_wconf 89' lang='lat' dir='ltr'><strong>terram,</strong></span> <span class='ocrx_word' id='word_1_348' title='bbox 1299 2297 1327 2344; x_wconf 90' lang='lat' dir='ltr'><strong>et</strong></span> <span class='ocrx_word' id='word_1_349' title='bbox 1353 2287 1439 2343; x_wconf 81' lang='lat' dir='ltr'><strong>votuit</strong></span> <span class='ocrx_word' id='word_1_350' title='bbox 1464 2288 1647 2342; x_wconf 79' lang='lat' dir='ltr'><strong>uehementer</strong></span> <span class='ocrx_word' id='word_1_351' title='bbox 1672 2287 1806 2350; x_wconf 90' lang='lat' dir='ltr'><strong>accendi;</strong></span> 
     </span>
     <span class='ocr_line' id='line_1_54' title="bbox 996 2378 1806 2455; baseline -0.005 -20"><span class='ocrx_word' id='word_1_352' title='bbox 996 2381 1109 2455; x_wconf 91' lang='lat' dir='ltr'><strong>dignum</strong></span> <span class='ocrx_word' id='word_1_353' title='bbox 1138 2380 1266 2436; x_wconf 90' lang='lat' dir='ltr'><strong>duximus</strong></span> <span class='ocrx_word' id='word_1_354' title='bbox 1280 2389 1311 2435; x_wconf 90' lang='lat' dir='ltr'><strong>ut</strong></span> <span class='ocrx_word' id='word_1_355' title='bbox 1326 2381 1353 2433; x_wconf 90' lang='lat' dir='ltr'><strong>in</strong></span> <span class='ocrx_word' id='word_1_356' title='bbox 1379 2379 1524 2435; x_wconf 83' lang='lat' dir='ltr'><strong>lestiritate</strong></span> <span class='ocrx_word' id='word_1_357' title='bbox 1543 2378 1699 2434; x_wconf 89' lang='lat' dir='ltr'><strong>sacerdotis</strong></span> <span class='ocrx_word' id='word_1_358' title='bbox 1729 2378 1806 2434; x_wconf 90' lang='lat' dir='ltr'><strong>istius</strong></span> 
     </span>
     <span class='ocr_line' id='line_1_55' title="bbox 996 2467 1805 2539; baseline -0.001 -17"><span class='ocrx_word' id='word_1_359' title='bbox 996 2469 1172 2524; x_wconf 88' lang='lat' dir='ltr'><strong>sacratissimi</strong></span> <span class='ocrx_word' id='word_1_360' title='bbox 1197 2468 1240 2532; x_wconf 70' lang='lat' dir='ltr'><strong>N„</strong></span> <span class='ocrx_word' id='word_1_361' title='bbox 1271 2469 1349 2539; x_wconf 88' lang='lat' dir='ltr'><strong>cujus</strong></span> <span class='ocrx_word' id='word_1_362' title='bbox 1382 2468 1465 2524; x_wconf 92' lang='lat' dir='ltr'><strong>hodie</strong></span> <span class='ocrx_word' id='word_1_363' title='bbox 1497 2468 1634 2523; x_wconf 89' lang='lat' dir='ltr'><strong>solemnia</strong></span> <span class='ocrx_word' id='word_1_364' title='bbox 1667 2467 1805 2532; x_wconf 88' lang='lat' dir='ltr'><strong>colimus,</strong></span> 
     </span>
     <span class='ocr_line' id='line_1_56' title="bbox 994 2563 1804 2639; baseline -0.001 -21"><span class='ocrx_word' id='word_1_365' title='bbox 994 2564 1092 2638; x_wconf 87' lang='lat' dir='ltr'><strong>legalis</strong></span> <span class='ocrx_word' id='word_1_366' title='bbox 1132 2564 1207 2619; x_wconf 91' lang='lat' dir='ltr'><strong>illius</strong></span> <span class='ocrx_word' id='word_1_367' title='bbox 1238 2565 1295 2639; x_wconf 87' lang='lat' dir='ltr'><strong>igni</strong></span> <span class='ocrx_word' id='word_1_368' title='bbox 1325 2564 1616 2620; x_wconf 88' lang='lat' dir='ltr'><strong>commemorationem</strong></span> <span class='ocrx_word' id='word_1_369' title='bbox 1659 2563 1804 2630; x_wconf 84' lang='lat' dir='ltr'><strong>iaciamus,</strong></span> 
     </span>
     <span class='ocr_line' id='line_1_57' title="bbox 994 2658 1804 2734; baseline 0 -21"><span class='ocrx_word' id='word_1_370' title='bbox 994 2674 1088 2730; x_wconf 92' lang='lat' dir='ltr'><strong>quem,</strong></span> <span class='ocrx_word' id='word_1_371' title='bbox 1116 2659 1189 2714; x_wconf 91' lang='lat' dir='ltr'><strong>idem</strong></span> <span class='ocrx_word' id='word_1_372' title='bbox 1218 2658 1317 2714; x_wconf 84' lang='lat' dir='ltr'><strong>Christi</strong></span> <span class='ocrx_word' id='word_1_373' title='bbox 1341 2658 1505 2730; x_wconf 77' lang='lat' dir='ltr'><strong>predicator</strong></span> <span class='ocrx_word' id='word_1_374' title='bbox 1535 2659 1666 2734; x_wconf 86' lang='lat' dir='ltr'><strong>egregius</strong></span> <span class='ocrx_word' id='word_1_375' title='bbox 1694 2659 1804 2714; x_wconf 85' lang='lat' dir='ltr'><strong>assidue</strong></span> 
     </span>
     <span class='ocr_line' id='line_1_58' title="bbox 993 2748 1805 2818; baseline 0.002 -17"><span class='ocrx_word' id='word_1_376' title='bbox 993 2749 1133 2817; x_wconf 90' lang='lat' dir='ltr'><strong>quondam</strong></span> <span class='ocrx_word' id='word_1_377' title='bbox 1145 2748 1173 2802; x_wconf 92' lang='lat' dir='ltr'><strong>in</strong></span> <span class='ocrx_word' id='word_1_378' title='bbox 1187 2748 1375 2818; x_wconf 86' lang='lat' dir='ltr'><strong>subjectorum</strong></span> <span class='ocrx_word' id='word_1_379' title='bbox 1387 2763 1499 2803; x_wconf 87' lang='lat' dir='ltr'><strong>suorum</strong></span> <span class='ocrx_word' id='word_1_380' title='bbox 1512 2748 1805 2803; x_wconf 85' lang='lat' dir='ltr'><strong>incenditanimabus.</strong></span> 
     </span>
     <span class='ocr_line' id='line_1_59' title="bbox 992 2834 1804 2908; baseline 0.001 -19"><span class='ocrx_word' id='word_1_381' title='bbox 992 2834 1045 2890; x_wconf 90' lang='lat' dir='ltr'><strong>Lex</strong></span> <span class='ocrx_word' id='word_1_382' title='bbox 1060 2836 1133 2891; x_wconf 91' lang='lat' dir='ltr'><strong>enim</strong></span> <span class='ocrx_word' id='word_1_383' title='bbox 1156 2838 1269 2908; x_wconf 89' lang='lat' dir='ltr'><strong>antiqua</strong></span> <span class='ocrx_word' id='word_1_384' title='bbox 1297 2837 1388 2908; x_wconf 88' lang='lat' dir='ltr'><strong>typice</strong></span> <span class='ocrx_word' id='word_1_385' title='bbox 1418 2835 1499 2892; x_wconf 88' lang='lat' dir='ltr'><strong>nobis</strong></span> <span class='ocrx_word' id='word_1_386' title='bbox 1515 2837 1580 2892; x_wconf 93' lang='lat' dir='ltr'><strong>olim</strong></span> <span class='ocrx_word' id='word_1_387' title='bbox 1602 2837 1804 2907; x_wconf 85' lang='lat' dir='ltr'><strong>praenuntians,</strong></span> 
     </span>
     <span class='ocr_line' id='line_1_60' title="bbox 991 2926 1804 3000; baseline 0 -19"><span class='ocrx_word' id='word_1_388' title='bbox 991 2926 1109 2997; x_wconf 91' lang='lat' dir='ltr'><strong>qualiter</strong></span> <span class='ocrx_word' id='word_1_389' title='bbox 1136 2927 1328 3000; x_wconf 87' lang='lat' dir='ltr'><strong>unusquisque</strong></span> <span class='ocrx_word' id='word_1_390' title='bbox 1351 2927 1473 2983; x_wconf 89' lang='lat' dir='ltr'><strong>fidelium</strong></span> <span class='ocrx_word' id='word_1_391' title='bbox 1501 2927 1586 2982; x_wconf 91' lang='lat' dir='ltr'><strong>divini</strong></span> <span class='ocrx_word' id='word_1_392' title='bbox 1608 2928 1716 2983; x_wconf 90' lang='lat' dir='ltr'><strong>amoris</strong></span> <span class='ocrx_word' id='word_1_393' title='bbox 1742 2926 1804 3000; x_wconf 87' lang='lat' dir='ltr'><strong>igne</strong></span> 
     </span>
    </p>
   </div>
   <div class='ocr_carea' id='block_1_13' title="bbox 134 3013 1805 3110">
    <p class='ocr_par' dir='ltr' id='par_1_13' title="bbox 134 3013 1805 3110">
     <span class='ocr_line' id='line_1_61' title="bbox 134 3013 1805 3110; baseline -0.004 -38"><span class='ocrx_word' id='word_1_394' title='bbox 134 3018 167 3084; x_wconf 86' lang='lat' dir='ltr'><strong>si,</strong></span> <span class='ocrx_word' id='word_1_395' title='bbox 178 3033 235 3088; x_wconf 81' lang='lat' dir='ltr'><strong>prae</strong></span> <span class='ocrx_word' id='word_1_396' title='bbox 250 3018 341 3072; x_wconf 89' lang='lat' dir='ltr'><strong>calore</strong></span> <span class='ocrx_word' id='word_1_397' title='bbox 354 3017 499 3080; x_wconf 83' lang='lat' dir='ltr'><strong>virtutum,</strong></span> <span class='ocrx_word' id='word_1_398' title='bbox 510 3014 600 3069; x_wconf 87' lang='lat' dir='ltr'><strong>omnis</strong></span> <span class='ocrx_word' id='word_1_399' title='bbox 610 3013 739 3069; x_wconf 89' lang='lat' dir='ltr'><strong>vitiorum</strong></span> <span class='ocrx_word' id='word_1_400' title='bbox 753 3013 861 3069; x_wconf 87' lang='lat' dir='ltr'><strong>anobis</strong></span> <span class='ocrx_word' id='word_1_401' title='bbox 876 3028 940 3069; x_wconf 85' lang='lat' dir='ltr'><strong>eva·</strong></span> <span class='ocrx_word' id='word_1_402' title='bbox 953 3020 1092 3110; x_wconf 67' lang='lat' dir='ltr'><strong>Cjugirer</strong></span> <span class='ocrx_word' id='word_1_403' title='bbox 1113 3022 1211 3077; x_wconf 71' lang='lat' dir='ltr'><strong>ardere</strong></span> <span class='ocrx_word' id='word_1_404' title='bbox 1224 3023 1356 3090; x_wconf 68' lang='lat' dir='ltr'><strong>studebit,</strong></span> <span class='ocrx_word' id='word_1_405' title='bbox 1381 3024 1408 3076; x_wconf 74' lang='lat' dir='ltr'><strong>in</strong></span> <span class='ocrx_word' id='word_1_406' title='bbox 1431 3025 1549 3094; x_wconf 69' lang='lat' dir='ltr'><strong>quodam</strong></span> <span class='ocrx_word' id='word_1_407' title='bbox 1573 3022 1635 3078; x_wconf 61' lang='lat'><strong>1000</strong></span> <span class='ocrx_word' id='word_1_408' title='bbox 1659 3023 1728 3077; x_wconf 67' lang='lat' dir='ltr'><strong>inde</strong></span> <span class='ocrx_word' id='word_1_409' title='bbox 1756 3039 1805 3078; x_wconf 89' lang='lat' dir='ltr'><strong>nas</strong></span> 
     </span>
    </p>
   </div>
   <div class='ocr_carea' id='block_1_14' title="bbox 133 3099 945 4371">
    <p class='ocr_par' dir='ltr' id='par_1_14' title="bbox 133 3099 945 4371">
     <span class='ocr_line' id='line_1_62' title="bbox 135 3099 942 3169; baseline -0.004 -10"><span class='ocrx_word' id='word_1_410' title='bbox 135 3104 228 3159; x_wconf 91' lang='lat' dir='ltr'><strong>nucrit</strong></span> <span class='ocrx_word' id='word_1_411' title='bbox 241 3104 341 3158; x_wconf 85' lang='lat' dir='ltr'><strong>fumus.</strong></span> <span class='ocrx_word' id='word_1_412' title='bbox 357 3101 527 3157; x_wconf 82' lang='lat' dir='ltr'><strong>Sacrificium</strong></span> <span class='ocrx_word' id='word_1_413' title='bbox 544 3109 634 3157; x_wconf 89' lang='lat' dir='ltr'><strong>autem</strong></span> <span class='ocrx_word' id='word_1_414' title='bbox 650 3099 802 3169; x_wconf 80' lang='lat' dir='ltr'><strong>oderimus,</strong></span> <span class='ocrx_word' id='word_1_415' title='bbox 817 3102 839 3156; x_wconf 93' lang='lat' dir='ltr'><strong>si</strong></span> <span class='ocrx_word' id='word_1_416' title='bbox 852 3118 942 3158; x_wconf 83' lang='lat' dir='ltr'><strong>carnis</strong></span> 
     </span>
     <span class='ocr_line' id='line_1_63' title="bbox 136 3190 940 3262; baseline -0.002 -14"><span class='ocrx_word' id='word_1_417' title='bbox 136 3208 228 3248; x_wconf 90' lang='lat' dir='ltr'><strong>curam</strong></span> <span class='ocrx_word' id='word_1_418' title='bbox 255 3193 283 3247; x_wconf 91' lang='lat' dir='ltr'><strong>in</strong></span> <span class='ocrx_word' id='word_1_419' title='bbox 305 3191 538 3262; x_wconf 90' lang='lat' dir='ltr'><strong>concupiscentiis</strong></span> <span class='ocrx_word' id='word_1_420' title='bbox 562 3206 616 3246; x_wconf 90' lang='lat' dir='ltr'><strong>non</strong></span> <span class='ocrx_word' id='word_1_421' title='bbox 631 3190 793 3257; x_wconf 81' lang='lat' dir='ltr'><strong>fecerimus;</strong></span> <span class='ocrx_word' id='word_1_422' title='bbox 810 3192 940 3246; x_wconf 91' lang='lat' dir='ltr'><strong>holocau-</strong></span> 
     </span>
     <span class='ocr_line' id='line_1_64' title="bbox 135 3281 942 3349; baseline 0.002 -12"><span class='ocrx_word' id='word_1_423' title='bbox 135 3290 206 3339; x_wconf 90' lang='lat' dir='ltr'><strong>stum</strong></span> <span class='ocrx_word' id='word_1_424' title='bbox 222 3298 297 3349; x_wconf 88' lang='lat' dir='ltr'><strong>rere,</strong></span> <span class='ocrx_word' id='word_1_425' title='bbox 314 3284 338 3337; x_wconf 89' lang='lat' dir='ltr'><strong>si</strong></span> <span class='ocrx_word' id='word_1_426' title='bbox 353 3287 438 3338; x_wconf 88' lang='lat' dir='ltr'><strong>totam</strong></span> <span class='ocrx_word' id='word_1_427' title='bbox 455 3281 636 3337; x_wconf 89' lang='lat' dir='ltr'><strong>intentionem</strong></span> <span class='ocrx_word' id='word_1_428' title='bbox 657 3289 777 3338; x_wconf 89' lang='lat' dir='ltr'><strong>nostram</strong></span> <span class='ocrx_word' id='word_1_429' title='bbox 805 3283 832 3336; x_wconf 91' lang='lat' dir='ltr'><strong>in</strong></span> <span class='ocrx_word' id='word_1_430' title='bbox 848 3297 942 3339; x_wconf 89' lang='lat' dir='ltr'><strong>amore</strong></span> 
     </span>
     <span class='ocr_line' id='line_1_65' title="bbox 135 3374 942 3432; baseline 0.001 -3"><span class='ocrx_word' id='word_1_431' title='bbox 135 3375 291 3431; x_wconf 84' lang='lat' dir='ltr'><strong>Divinitatis</strong></span> <span class='ocrx_word' id='word_1_432' title='bbox 319 3375 535 3430; x_wconf 89' lang='lat' dir='ltr'><strong>incenderimus.</strong></span> <span class='ocrx_word' id='word_1_433' title='bbox 553 3374 720 3431; x_wconf 85' lang='lat' dir='ltr'><strong>Sacrificium</strong></span> <span class='ocrx_word' id='word_1_434' title='bbox 751 3374 833 3431; x_wconf 89' lang='lat' dir='ltr'><strong>etiam</strong></span> <span class='ocrx_word' id='word_1_435' title='bbox 848 3375 942 3432; x_wconf 88' lang='lat' dir='ltr'><strong>oileri-</strong></span> 
     </span>
     <span class='ocr_line' id='line_1_66' title="bbox 134 3467 940 3540; baseline 0.002 -18"><span class='ocrx_word' id='word_1_436' title='bbox 134 3469 245 3535; x_wconf 88' lang='lat' dir='ltr'><strong>mussi,</strong></span> <span class='ocrx_word' id='word_1_437' title='bbox 260 3467 380 3524; x_wconf 84' lang='lat' dir='ltr'><strong>ablatae</strong></span> <span class='ocrx_word' id='word_1_438' title='bbox 398 3467 479 3523; x_wconf 89' lang='lat' dir='ltr'><strong>nobis</strong></span> <span class='ocrx_word' id='word_1_439' title='bbox 489 3467 624 3523; x_wconf 81' lang='lat' dir='ltr'><strong>termento</strong></span> <span class='ocrx_word' id='word_1_440' title='bbox 640 3468 751 3523; x_wconf 90' lang='lat' dir='ltr'><strong>malitiae</strong></span> <span class='ocrx_word' id='word_1_441' title='bbox 761 3474 789 3524; x_wconf 92' lang='lat' dir='ltr'><strong>et</strong></span> <span class='ocrx_word' id='word_1_442' title='bbox 800 3468 940 3540; x_wconf 83' lang='lat' dir='ltr'><strong>nequitiae,</strong></span> 
     </span>
     <span class='ocr_line' id='line_1_67' title="bbox 134 3561 941 3619; baseline 0.001 -2"><span class='ocrx_word' id='word_1_443' title='bbox 134 3563 162 3617; x_wconf 93' lang='lat' dir='ltr'><strong>in</strong></span> <span class='ocrx_word' id='word_1_444' title='bbox 184 3579 231 3618; x_wconf 88' lang='lat' dir='ltr'><strong>ara</strong></span> <span class='ocrx_word' id='word_1_445' title='bbox 254 3563 346 3618; x_wconf 90' lang='lat' dir='ltr'><strong>cordis</strong></span> <span class='ocrx_word' id='word_1_446' title='bbox 365 3562 451 3617; x_wconf 89' lang='lat' dir='ltr'><strong>nostri</strong></span> <span class='ocrx_word' id='word_1_447' title='bbox 479 3561 665 3618; x_wconf 88' lang='lat' dir='ltr'><strong>sacrificamus</strong></span> <span class='ocrx_word' id='word_1_448' title='bbox 693 3562 750 3619; x_wconf 92' lang='lat' dir='ltr'><strong>Deo</strong></span> <span class='ocrx_word' id='word_1_449' title='bbox 776 3561 941 3619; x_wconf 86' lang='lat' dir='ltr'><strong>sacrificium</strong></span> 
     </span>
     <span class='ocr_line' id='line_1_68' title="bbox 133 3654 943 3726; baseline 0.001 -16"><span class='ocrx_word' id='word_1_450' title='bbox 133 3654 263 3724; x_wconf 64' lang='lat' dir='ltr'><strong>iustitiam</strong></span> <span class='ocrx_word' id='word_1_451' title='bbox 285 3655 476 3710; x_wconf 87' lang='lat' dir='ltr'><strong>holocaustum</strong></span> <span class='ocrx_word' id='word_1_452' title='bbox 497 3669 573 3722; x_wconf 83' lang='lat' dir='ltr'><strong>xero,</strong></span> <span class='ocrx_word' id='word_1_453' title='bbox 594 3671 667 3722; x_wconf 91' lang='lat' dir='ltr'><strong>cum,</strong></span> <span class='ocrx_word' id='word_1_454' title='bbox 690 3672 738 3726; x_wconf 90' lang='lat' dir='ltr'><strong>per</strong></span> <span class='ocrx_word' id='word_1_455' title='bbox 767 3656 834 3711; x_wconf 92' lang='lat' dir='ltr'><strong>boni</strong></span> <span class='ocrx_word' id='word_1_456' title='bbox 850 3656 943 3726; x_wconf 86' lang='lat' dir='ltr'><strong>operis</strong></span> 
     </span>
     <span class='ocr_line' id='line_1_69' title="bbox 135 3751 941 3824; baseline -0.001 -17"><span class='ocrx_word' id='word_1_457' title='bbox 135 3752 413 3815; x_wconf 87' lang='lat' dir='ltr'><strong>consummationem,</strong></span> <span class='ocrx_word' id='word_1_458' title='bbox 426 3751 464 3805; x_wconf 93' lang='lat' dir='ltr'><strong>illi</strong></span> <span class='ocrx_word' id='word_1_459' title='bbox 478 3751 670 3807; x_wconf 91' lang='lat' dir='ltr'><strong>desideramus</strong></span> <span class='ocrx_word' id='word_1_460' title='bbox 680 3752 706 3806; x_wconf 93' lang='lat' dir='ltr'><strong>in</strong></span> <span class='ocrx_word' id='word_1_461' title='bbox 719 3761 854 3824; x_wconf 88' lang='lat' dir='ltr'><strong>perpetua</strong></span> <span class='ocrx_word' id='word_1_462' title='bbox 862 3759 941 3808; x_wconf 86' lang='lat' dir='ltr'><strong>reter-</strong></span> 
     </span>
     <span class='ocr_line' id='line_1_70' title="bbox 136 3845 944 3920; baseline 0.006 -21"><span class='ocrx_word' id='word_1_463' title='bbox 136 3847 223 3901; x_wconf 87' lang='lat' dir='ltr'><strong>nitate</strong></span> <span class='ocrx_word' id='word_1_464' title='bbox 242 3845 390 3911; x_wconf 90' lang='lat' dir='ltr'><strong>conscribi,</strong></span> <span class='ocrx_word' id='word_1_465' title='bbox 419 3845 453 3899; x_wconf 90' lang='lat' dir='ltr'><strong>ad</strong></span> <span class='ocrx_word' id='word_1_466' title='bbox 477 3862 558 3916; x_wconf 90' lang='lat' dir='ltr'><strong>quern</strong></span> <span class='ocrx_word' id='word_1_467' title='bbox 587 3847 833 3920; x_wconf 89' lang='lat' dir='ltr'><strong>Psalmographus:</strong></span> <span class='ocrx_word' id='word_1_468' title='bbox 862 3850 944 3904; x_wconf 86' lang='lat' dir='ltr'><strong>Holo-</strong></span> 
     </span>
     <span class='ocr_line' id='line_1_71' title="bbox 134 3933 941 4006; baseline 0.007 -18"><span class='ocrx_word' id='word_1_469' title='bbox 134 3938 239 3997; x_wconf 88' lang='lat' dir='ltr'><strong>causta,</strong></span> <span class='ocrx_word' id='word_1_470' title='bbox 264 3933 363 4003; x_wconf 89' lang='lat' dir='ltr'><strong>inquit,</strong></span> <span class='ocrx_word' id='word_1_471' title='bbox 379 3934 527 3988; x_wconf 87' lang='lat' dir='ltr'><strong>medullata</strong></span> <span class='ocrx_word' id='word_1_472' title='bbox 542 3934 653 4003; x_wconf 74' lang='lat' dir='ltr'><strong>efferam</strong></span> <span class='ocrx_word' id='word_1_473' title='bbox 678 3936 729 3990; x_wconf 86' lang='lat' dir='ltr'><strong>tibi</strong></span> <span class='ocrx_word' id='word_1_474' title='bbox 754 3935 837 4006; x_wconf 83' lang='lat' dir='ltr'><strong>(Psoi.</strong></span> <span class='ocrx_word' id='word_1_475' title='bbox 869 3938 941 4006; x_wconf 75' lang='lat' dir='ltr'><strong>exul.</strong></span> 
     </span>
     <span class='ocr_line' id='line_1_72' title="bbox 136 4021 945 4081; baseline 0.005 -4"><span class='ocrx_word' id='word_1_476' title='bbox 136 4021 310 4078; x_wconf 84' lang='lat' dir='ltr'><strong>Sacrificium</strong></span> <span class='ocrx_word' id='word_1_477' title='bbox 324 4038 388 4078; x_wconf 79' lang='lat' dir='ltr'><strong>vero</strong></span> <span class='ocrx_word' id='word_1_478' title='bbox 405 4023 634 4080; x_wconf 90' lang='lat' dir='ltr'><strong>etholocaustum</strong></span> <span class='ocrx_word' id='word_1_479' title='bbox 658 4024 799 4080; x_wconf 85' lang='lat' dir='ltr'><strong>offerimus</strong></span> <span class='ocrx_word' id='word_1_480' title='bbox 815 4027 945 4081; x_wconf 89' lang='lat' dir='ltr'><strong>immacu·</strong></span> 
     </span>
     <span class='ocr_line' id='line_1_73' title="bbox 136 4114 944 4180; baseline 0.006 -12"><span class='ocrx_word' id='word_1_481' title='bbox 136 4114 231 4180; x_wconf 80' lang='lat' dir='ltr'><strong>latura,</strong></span> <span class='ocrx_word' id='word_1_482' title='bbox 260 4114 283 4167; x_wconf 90' lang='lat' dir='ltr'><strong>si</strong></span> <span class='ocrx_word' id='word_1_483' title='bbox 311 4128 358 4169; x_wconf 89' lang='lat' dir='ltr'><strong>cur</strong></span> <span class='ocrx_word' id='word_1_484' title='bbox 386 4120 508 4170; x_wconf 90' lang='lat' dir='ltr'><strong>nostrum</strong></span> <span class='ocrx_word' id='word_1_485' title='bbox 528 4115 706 4171; x_wconf 91' lang='lat' dir='ltr'><strong>abomnibus</strong></span> <span class='ocrx_word' id='word_1_486' title='bbox 731 4116 805 4171; x_wconf 84' lang='lat' dir='ltr'><strong>vitiis</strong></span> <span class='ocrx_word' id='word_1_487' title='bbox 832 4126 944 4173; x_wconf 89' lang='lat' dir='ltr'><strong>exutum</strong></span> 
     </span>
     <span class='ocr_line' id='line_1_74' title="bbox 135 4203 943 4280; baseline 0.006 -22"><span class='ocrx_word' id='word_1_488' title='bbox 135 4211 222 4259; x_wconf 90' lang='lat' dir='ltr'><strong>totum</strong></span> <span class='ocrx_word' id='word_1_489' title='bbox 239 4203 339 4257; x_wconf 85' lang='lat' dir='ltr'><strong>divinae</strong></span> <span class='ocrx_word' id='word_1_490' title='bbox 354 4203 496 4259; x_wconf 87' lang='lat' dir='ltr'><strong>charitatis</strong></span> <span class='ocrx_word' id='word_1_491' title='bbox 511 4204 593 4260; x_wconf 86' lang='lat' dir='ltr'><strong>luerit</strong></span> <span class='ocrx_word' id='word_1_492' title='bbox 613 4205 677 4280; x_wconf 87' lang='lat' dir='ltr'><strong>igne</strong></span> <span class='ocrx_word' id='word_1_493' title='bbox 693 4213 858 4272; x_wconf 89' lang='lat' dir='ltr'><strong>crematum;</strong></span> <span class='ocrx_word' id='word_1_494' title='bbox 875 4223 943 4279; x_wconf 90' lang='lat' dir='ltr'><strong>qoa-</strong></span> 
     </span>
     <span class='ocr_line' id='line_1_75' title="bbox 135 4291 942 4371; baseline 0.005 -24"><span class='ocrx_word' id='word_1_495' title='bbox 135 4298 215 4348; x_wconf 88' lang='lat' dir='ltr'><strong>tenus</strong></span> <span class='ocrx_word' id='word_1_496' title='bbox 242 4291 387 4362; x_wconf 66' lang='lat' dir='ltr'><strong>perbonas</strong></span> <span class='ocrx_word' id='word_1_497' title='bbox 408 4293 578 4362; x_wconf 87' lang='lat' dir='ltr'><strong>operationis</strong></span> <span class='ocrx_word' id='word_1_498' title='bbox 604 4294 747 4351; x_wconf 90' lang='lat' dir='ltr'><strong>incensum</strong></span> <span class='ocrx_word' id='word_1_499' title='bbox 771 4295 852 4371; x_wconf 88' lang='lat' dir='ltr'><strong>legali</strong></span> <span class='ocrx_word' id='word_1_500' title='bbox 878 4296 942 4351; x_wconf 93' lang='lat' dir='ltr'><strong>huic</strong></span> 
     </span>
    </p>
   </div>
   <div class='ocr_carea' id='block_1_15' title="bbox 990 3111 1807 3638">
    <p class='ocr_par' dir='ltr' id='par_1_15' title="bbox 990 3111 1807 3638">
     <span class='ocr_line' id='line_1_76' title="bbox 992 3111 1801 3184; baseline 0.001 -20"><span class='ocrx_word' id='word_1_501' title='bbox 992 3111 1148 3166; x_wconf 89' lang='lat' dir='ltr'><strong>instruens:</strong></span> <span class='ocrx_word' id='word_1_502' title='bbox 1176 3114 1259 3180; x_wconf 79' lang='lat' dir='ltr'><strong>ipris,</strong></span> <span class='ocrx_word' id='word_1_503' title='bbox 1291 3111 1390 3184; x_wconf 88' lang='lat' dir='ltr'><strong>inquit,</strong></span> <span class='ocrx_word' id='word_1_504' title='bbox 1414 3115 1443 3166; x_wconf 82' lang='lat' dir='ltr'><strong>ie</strong></span> <span class='ocrx_word' id='word_1_505' title='bbox 1458 3114 1542 3167; x_wconf 86' lang='lat' dir='ltr'><strong>altari</strong></span> <span class='ocrx_word' id='word_1_506' title='bbox 1560 3127 1664 3181; x_wconf 83' lang='lat' dir='ltr'><strong>semper</strong></span> <span class='ocrx_word' id='word_1_507' title='bbox 1684 3113 1801 3167; x_wconf 75' lang='lat' dir='ltr'><strong>ardebit.</strong></span> 
     </span>
     <span class='ocr_line' id='line_1_77' title="bbox 992 3204 1805 3279; baseline 0 -21"><span class='ocrx_word' id='word_1_508' title='bbox 992 3204 1144 3275; x_wconf 85' lang='lat' dir='ltr'><strong>Statimque</strong></span> <span class='ocrx_word' id='word_1_509' title='bbox 1159 3205 1331 3279; x_wconf 79' lang='lat' dir='ltr'><strong>praesignans</strong></span> <span class='ocrx_word' id='word_1_510' title='bbox 1355 3205 1473 3277; x_wconf 90' lang='lat' dir='ltr'><strong>qualiter</strong></span> <span class='ocrx_word' id='word_1_511' title='bbox 1487 3221 1535 3276; x_wconf 92' lang='lat' dir='ltr'><strong>pro</strong></span> <span class='ocrx_word' id='word_1_512' title='bbox 1551 3205 1650 3260; x_wconf 88' lang='lat' dir='ltr'><strong>eodum</strong></span> <span class='ocrx_word' id='word_1_513' title='bbox 1669 3205 1738 3276; x_wconf 89' lang='lat' dir='ltr'><strong>igne</strong></span> <span class='ocrx_word' id='word_1_514' title='bbox 1755 3221 1805 3259; x_wconf 92' lang='lat' dir='ltr'><strong>nu·</strong></span> 
     </span>
     <span class='ocr_line' id='line_1_78' title="bbox 992 3295 1806 3370; baseline 0.004 -21"><span class='ocrx_word' id='word_1_515' title='bbox 992 3295 1101 3351; x_wconf 93' lang='lat' dir='ltr'><strong>triendo</strong></span> <span class='ocrx_word' id='word_1_516' title='bbox 1116 3297 1253 3354; x_wconf 91' lang='lat' dir='ltr'><strong>sacerdoti</strong></span> <span class='ocrx_word' id='word_1_517' title='bbox 1277 3298 1377 3370; x_wconf 92' lang='lat' dir='ltr'><strong>cuique</strong></span> <span class='ocrx_word' id='word_1_518' title='bbox 1398 3299 1552 3370; x_wconf 89' lang='lat' dir='ltr'><strong>quotidiani</strong></span> <span class='ocrx_word' id='word_1_519' title='bbox 1575 3298 1702 3355; x_wconf 88' lang='lat' dir='ltr'><strong>exercitii</strong></span> <span class='ocrx_word' id='word_1_520' title='bbox 1730 3298 1806 3353; x_wconf 90' lang='lat' dir='ltr'><strong>nulla</strong></span> 
     </span>
     <span class='ocr_line' id='line_1_79' title="bbox 992 3385 1805 3458; baseline 0.006 -20"><span class='ocrx_word' id='word_1_521' title='bbox 992 3385 1172 3440; x_wconf 90' lang='lat' dir='ltr'><strong>concedenda</strong></span> <span class='ocrx_word' id='word_1_522' title='bbox 1181 3386 1323 3458; x_wconf 90' lang='lat' dir='ltr'><strong>estquies:</strong></span> <span class='ocrx_word' id='word_1_523' title='bbox 1336 3388 1421 3454; x_wconf 84' lang='lat' dir='ltr'><strong>Quam</strong></span> <span class='ocrx_word' id='word_1_524' title='bbox 1431 3390 1547 3456; x_wconf 83' lang='lat' dir='ltr'><strong>nutriet,</strong></span> <span class='ocrx_word' id='word_1_525' title='bbox 1556 3387 1805 3458; x_wconf 88' lang='lat' dir='ltr'><strong>inquit,sacerdos,</strong></span> 
     </span>
     <span class='ocr_line' id='line_1_80' title="bbox 990 3477 1807 3548; baseline 0.005 -17"><span class='ocrx_word' id='word_1_526' title='bbox 990 3477 1137 3547; x_wconf 84' lang='lat' dir='ltr'><strong>subjiciens</strong></span> <span class='ocrx_word' id='word_1_527' title='bbox 1150 3494 1228 3533; x_wconf 83' lang='lat' dir='ltr'><strong>morte</strong></span> <span class='ocrx_word' id='word_1_528' title='bbox 1240 3479 1319 3546; x_wconf 79' lang='lat' dir='ltr'><strong>lipara</strong></span> <span class='ocrx_word' id='word_1_529' title='bbox 1335 3495 1384 3548; x_wconf 91' lang='lat' dir='ltr'><strong>per</strong></span> <span class='ocrx_word' id='word_1_530' title='bbox 1396 3481 1516 3548; x_wconf 77' lang='lat' dir='ltr'><strong>stapulas</strong></span> <span class='ocrx_word' id='word_1_531' title='bbox 1528 3481 1596 3535; x_wconf 85' lang='lat' dir='ltr'><strong>dies.</strong></span> <span class='ocrx_word' id='word_1_532' title='bbox 1616 3479 1728 3535; x_wconf 83' lang='lat' dir='ltr'><strong>Deinde</strong></span> <span class='ocrx_word' id='word_1_533' title='bbox 1741 3496 1807 3536; x_wconf 80' lang='lat' dir='ltr'><strong>reru</strong></span> 
     </span>
     <span class='ocr_line' id='line_1_81' title="bbox 992 3566 1807 3638; baseline 0.005 -18"><span class='ocrx_word' id='word_1_534' title='bbox 992 3566 1137 3621; x_wconf 88' lang='lat' dir='ltr'><strong>insinuans</strong></span> <span class='ocrx_word' id='word_1_535' title='bbox 1151 3567 1233 3638; x_wconf 90' lang='lat' dir='ltr'><strong>quale</strong></span> <span class='ocrx_word' id='word_1_536' title='bbox 1259 3567 1450 3624; x_wconf 90' lang='lat' dir='ltr'><strong>holocaustum</strong></span> <span class='ocrx_word' id='word_1_537' title='bbox 1476 3568 1531 3624; x_wconf 93' lang='lat' dir='ltr'><strong>Deo</strong></span> <span class='ocrx_word' id='word_1_538' title='bbox 1555 3568 1684 3624; x_wconf 88' lang='lat' dir='ltr'><strong>redolere</strong></span> <span class='ocrx_word' id='word_1_539' title='bbox 1705 3569 1807 3625; x_wconf 88' lang='lat' dir='ltr'><strong>debeat</strong></span> 
     </span>
    </p>
   </div>
   <div class='ocr_carea' id='block_1_16' title="bbox 993 3659 1810 4383">
    <p class='ocr_par' dir='ltr' id='par_1_16' title="bbox 993 3659 1810 4383">
     <span class='ocr_line' id='line_1_82' title="bbox 993 3659 1808 3732; baseline 0.006 -19"><span class='ocrx_word' id='word_1_540' title='bbox 993 3659 1159 3714; x_wconf 91' lang='lat' dir='ltr'><strong>incordibus</strong></span> <span class='ocrx_word' id='word_1_541' title='bbox 1173 3660 1339 3715; x_wconf 88' lang='lat' dir='ltr'><strong>electorum:</strong></span> <span class='ocrx_word' id='word_1_542' title='bbox 1356 3664 1493 3732; x_wconf 81' lang='lat' dir='ltr'><strong>imposito,</strong></span> <span class='ocrx_word' id='word_1_543' title='bbox 1523 3661 1623 3732; x_wconf 92' lang='lat' dir='ltr'><strong>inquit,</strong></span> <span class='ocrx_word' id='word_1_544' title='bbox 1649 3663 1808 3719; x_wconf 81' lang='lat' dir='ltr'><strong>holocausto</strong></span> 
     </span>
     <span class='ocr_line' id='line_1_83' title="bbox 993 3750 1807 3825; baseline 0.006 -20"><span class='ocrx_word' id='word_1_545' title='bbox 993 3750 1108 3820; x_wconf 86' lang='lat' dir='ltr'><strong>desuper</strong></span> <span class='ocrx_word' id='word_1_546' title='bbox 1134 3752 1253 3807; x_wconf 86' lang='lat' dir='ltr'><strong>adolebit</strong></span> <span class='ocrx_word' id='word_1_547' title='bbox 1285 3753 1380 3823; x_wconf 89' lang='lat' dir='ltr'><strong>adipes</strong></span> <span class='ocrx_word' id='word_1_548' title='bbox 1401 3755 1587 3823; x_wconf 70' lang='lat' dir='ltr'><strong>pacificorum.</strong></span> <span class='ocrx_word' id='word_1_549' title='bbox 1619 3753 1652 3809; x_wconf 84' lang='lat' dir='ltr'><strong>Et</strong></span> <span class='ocrx_word' id='word_1_550' title='bbox 1670 3757 1807 3825; x_wconf 90' lang='lat' dir='ltr'><strong>quoniam</strong></span> 
     </span>
     <span class='ocr_line' id='line_1_84' title="bbox 994 3842 1810 3917; baseline 0.009 -21"><span class='ocrx_word' id='word_1_551' title='bbox 994 3842 1067 3896; x_wconf 92' lang='lat' dir='ltr'><strong>idem</strong></span> <span class='ocrx_word' id='word_1_552' title='bbox 1084 3842 1157 3917; x_wconf 90' lang='lat' dir='ltr'><strong>iguis</strong></span> <span class='ocrx_word' id='word_1_553' title='bbox 1171 3843 1199 3898; x_wconf 91' lang='lat' dir='ltr'><strong>in</strong></span> <span class='ocrx_word' id='word_1_554' title='bbox 1215 3843 1293 3900; x_wconf 90' lang='lat' dir='ltr'><strong>altari</strong></span> <span class='ocrx_word' id='word_1_555' title='bbox 1320 3844 1412 3901; x_wconf 89' lang='lat' dir='ltr'><strong>cordis</strong></span> <span class='ocrx_word' id='word_1_556' title='bbox 1434 3845 1518 3901; x_wconf 90' lang='lat' dir='ltr'><strong>nostri</strong></span> <span class='ocrx_word' id='word_1_557' title='bbox 1538 3861 1652 3917; x_wconf 89' lang='lat' dir='ltr'><strong>semper</strong></span> <span class='ocrx_word' id='word_1_558' title='bbox 1667 3846 1758 3903; x_wconf 90' lang='lat' dir='ltr'><strong>debet</strong></span> <span class='ocrx_word' id='word_1_559' title='bbox 1783 3856 1810 3903; x_wconf 89' lang='lat' dir='ltr'><strong>et</strong></span> 
     </span>
     <span class='ocr_line' id='line_1_85' title="bbox 995 3937 1808 4008; baseline 0.005 -16"><span class='ocrx_word' id='word_1_560' title='bbox 995 3937 1055 3993; x_wconf 85' lang='lat' dir='ltr'><strong>sina</strong></span> <span class='ocrx_word' id='word_1_561' title='bbox 1083 3937 1238 3994; x_wconf 88' lang='lat' dir='ltr'><strong>cessatione</strong></span> <span class='ocrx_word' id='word_1_562' title='bbox 1280 3941 1407 4008; x_wconf 89' lang='lat' dir='ltr'><strong>cremari,</strong></span> <span class='ocrx_word' id='word_1_563' title='bbox 1437 3941 1568 3997; x_wconf 90' lang='lat' dir='ltr'><strong>contiuuo</strong></span> <span class='ocrx_word' id='word_1_564' title='bbox 1609 3941 1808 3998; x_wconf 82' lang='lat' dir='ltr'><strong>subinserens:</strong></span> 
     </span>
     <span class='ocr_line' id='line_1_86' title="bbox 994 4029 1808 4103; baseline 0.006 -18"><span class='ocrx_word' id='word_1_565' title='bbox 994 4033 1068 4099; x_wconf 82' lang='lat' dir='ltr'><strong>ipris</strong></span> <span class='ocrx_word' id='word_1_566' title='bbox 1078 4034 1137 4094; x_wconf 87' lang='lat' dir='ltr'><strong>iste,</strong></span> <span class='ocrx_word' id='word_1_567' title='bbox 1152 4029 1200 4099; x_wconf 90' lang='lat' dir='ltr'><strong>ait,</strong></span> <span class='ocrx_word' id='word_1_568' title='bbox 1210 4035 1356 4101; x_wconf 82' lang='lat' dir='ltr'><strong>perpetuus</strong></span> <span class='ocrx_word' id='word_1_569' title='bbox 1370 4038 1418 4100; x_wconf 88' lang='lat' dir='ltr'><strong>est,</strong></span> <span class='ocrx_word' id='word_1_570' title='bbox 1434 4036 1483 4103; x_wconf 84' lang='lat' dir='ltr'><strong>qui</strong></span> <span class='ocrx_word' id='word_1_571' title='bbox 1496 4048 1637 4102; x_wconf 85' lang='lat' dir='ltr'><strong>nunquam</strong></span> <span class='ocrx_word' id='word_1_572' title='bbox 1653 4035 1764 4103; x_wconf 72' lang='lat' dir='ltr'><strong>deficiet</strong></span> <span class='ocrx_word' id='word_1_573' title='bbox 1776 4036 1808 4090; x_wconf 88' lang='lat' dir='ltr'><strong>de</strong></span> 
     </span>
     <span class='ocr_line' id='line_1_87' title="bbox 993 4121 1806 4194; baseline 0.009 -18"><span class='ocrx_word' id='word_1_574' title='bbox 993 4123 1087 4177; x_wconf 79' lang='lat' dir='ltr'><strong>altori.</strong></span> <span class='ocrx_word' id='word_1_575' title='bbox 1103 4121 1189 4194; x_wconf 89' lang='lat' dir='ltr'><strong>igitur</strong></span> <span class='ocrx_word' id='word_1_576' title='bbox 1215 4128 1244 4177; x_wconf 96' lang='lat' dir='ltr'><strong>ut</strong></span> <span class='ocrx_word' id='word_1_577' title='bbox 1258 4138 1291 4178; x_wconf 90' lang='lat' dir='ltr'><strong>ea</strong></span> <span class='ocrx_word' id='word_1_578' title='bbox 1306 4140 1369 4194; x_wconf 87' lang='lat' dir='ltr'><strong>quae</strong></span> <span class='ocrx_word' id='word_1_579' title='bbox 1397 4140 1471 4180; x_wconf 85' lang='lat' dir='ltr'><strong>nuxtc</strong></span> <span class='ocrx_word' id='word_1_580' title='bbox 1487 4124 1666 4180; x_wconf 88' lang='lat' dir='ltr'><strong>historialiter</strong></span> <span class='ocrx_word' id='word_1_581' title='bbox 1688 4128 1806 4183; x_wconf 88' lang='lat' dir='ltr'><strong>recitata</strong></span> 
     </span>
     <span class='ocr_line' id='line_1_88' title="bbox 994 4214 1807 4294; baseline 0.012 -26"><span class='ocrx_word' id='word_1_582' title='bbox 994 4221 1070 4282; x_wconf 91' lang='lat' dir='ltr'><strong>sunt,</strong></span> <span class='ocrx_word' id='word_1_583' title='bbox 1082 4214 1273 4282; x_wconf 89' lang='lat' dir='ltr'><strong>discutiamus,</strong></span> <span class='ocrx_word' id='word_1_584' title='bbox 1289 4222 1398 4288; x_wconf 88' lang='lat' dir='ltr'><strong>tempus</strong></span> <span class='ocrx_word' id='word_1_585' title='bbox 1413 4225 1456 4272; x_wconf 91' lang='lat' dir='ltr'><strong>est</strong></span> <span class='ocrx_word' id='word_1_586' title='bbox 1479 4225 1508 4273; x_wconf 93' lang='lat' dir='ltr'><strong>ut</strong></span> <span class='ocrx_word' id='word_1_587' title='bbox 1533 4235 1583 4290; x_wconf 91' lang='lat' dir='ltr'><strong>per</strong></span> <span class='ocrx_word' id='word_1_588' title='bbox 1597 4221 1658 4276; x_wconf 71' lang='lat' dir='ltr'><strong>haec</strong></span> <span class='ocrx_word' id='word_1_589' title='bbox 1672 4231 1807 4294; x_wconf 87' lang='lat' dir='ltr'><strong>quatuor,</strong></span> 
     </span>
     <span class='ocr_line' id='line_1_89' title="bbox 993 4307 1807 4383; baseline 0.014 -22"><span class='ocrx_word' id='word_1_590' title='bbox 993 4323 1054 4378; x_wconf 86' lang='lat' dir='ltr'><strong>quae</strong></span> <span class='ocrx_word' id='word_1_591' title='bbox 1069 4307 1273 4378; x_wconf 90' lang='lat' dir='ltr'><strong>proposuimus,</strong></span> <span class='ocrx_word' id='word_1_592' title='bbox 1297 4309 1430 4366; x_wconf 84' lang='lat' dir='ltr'><strong>solvendo</strong></span> <span class='ocrx_word' id='word_1_593' title='bbox 1461 4311 1616 4368; x_wconf 87' lang='lat' dir='ltr'><strong>redeamus.</strong></span> <span class='ocrx_word' id='word_1_594' title='bbox 1647 4317 1738 4383; x_wconf 73' lang='lat' dir='ltr'><strong>leuis,</strong></span> <span class='ocrx_word' id='word_1_595' title='bbox 1762 4318 1807 4372; x_wconf 91' lang='lat' dir='ltr'><strong>in-</strong></span> 
     </span>
    </p>
   </div>
   <div class='ocr_carea' id='block_1_17' title="bbox 134 4380 1808 4482">
    <p class='ocr_par' dir='ltr' id='par_1_17' title="bbox 134 4380 1808 4482">
     <span class='ocr_line' id='line_1_90' title="bbox 134 4380 1808 4482; baseline 0.001 -48"><span class='ocrx_word' id='word_1_596' title='bbox 134 4380 231 4435; x_wconf 83' lang='lat' dir='ltr'><strong>similae</strong></span> <span class='ocrx_word' id='word_1_597' title='bbox 256 4380 342 4453; x_wconf 82' lang='lat' dir='ltr'><strong>digne</strong></span> <span class='ocrx_word' id='word_1_598' title='bbox 358 4381 445 4452; x_wconf 90' lang='lat' dir='ltr'><strong>possit</strong></span> <span class='ocrx_word' id='word_1_599' title='bbox 460 4382 625 4452; x_wconf 88' lang='lat' dir='ltr'><strong>comparari,</strong></span> <span class='ocrx_word' id='word_1_600' title='bbox 639 4384 740 4455; x_wconf 82' lang='lat' dir='ltr'><strong>deque</strong></span> <span class='ocrx_word' id='word_1_601' title='bbox 761 4385 879 4440; x_wconf 90' lang='lat' dir='ltr'><strong>dicitur:</strong></span> <span class='ocrx_word' id='word_1_602' title='bbox 907 4388 980 4482; x_wconf 67' lang='lat' dir='ltr'><strong>liin</strong></span> <span class='ocrx_word' id='word_1_603' title='bbox 993 4398 1063 4468; x_wconf 66' lang='lat' dir='ltr'><strong>quir,</strong></span> <span class='ocrx_word' id='word_1_604' title='bbox 1078 4400 1107 4452; x_wconf 57' lang='lat' dir='ltr'><strong>2·st</strong></span> <span class='ocrx_word' id='word_1_605' title='bbox 1130 4399 1214 4453; x_wconf 59' lang='lat' dir='ltr'><strong>artari</strong></span> <span class='ocrx_word' id='word_1_606' title='bbox 1227 4415 1329 4470; x_wconf 59' lang='lat' dir='ltr'><strong>,emper</strong></span> <span class='ocrx_word' id='word_1_607' title='bbox 1344 4402 1458 4457; x_wconf 49' lang='lat' dir='ltr'><strong>ardebit,</strong></span> <span class='ocrx_word' id='word_1_608' title='bbox 1486 4401 1658 4478; x_wconf 32' lang='lat' dir='ltr'><strong>qor‘quippe</strong></span> <span class='ocrx_word' id='word_1_609' title='bbox 1679 4416 1808 4465; x_wconf 53' lang='lat' dir='ltr'><strong>nostrum</strong></span> 
     </span>
    </p>
   </div>
   <div class='ocr_carea' id='block_1_18' title="bbox 134 4470 944 4625">
    <p class='ocr_par' dir='ltr' id='par_1_18' title="bbox 134 4470 944 4625">
     <span class='ocr_line' id='line_1_91' title="bbox 135 4470 942 4544; baseline 0.002 -19"><span class='ocrx_word' id='word_1_610' title='bbox 135 4474 190 4525; x_wconf 86' lang='lat' dir='ltr'><strong>tota</strong></span> <span class='ocrx_word' id='word_1_611' title='bbox 210 4470 374 4525; x_wconf 82' lang='lat' dir='ltr'><strong>cremabitur</strong></span> <span class='ocrx_word' id='word_1_612' title='bbox 401 4471 537 4525; x_wconf 74' lang='lat' dir='ltr'><strong>inalbari.</strong></span> <span class='ocrx_word' id='word_1_613' title='bbox 562 4471 637 4526; x_wconf 83' lang='lat' dir='ltr'><strong>Tunc</strong></span> <span class='ocrx_word' id='word_1_614' title='bbox 665 4473 768 4544; x_wconf 90' lang='lat' dir='ltr'><strong>quippe</strong></span> <span class='ocrx_word' id='word_1_615' title='bbox 794 4473 885 4528; x_wconf 88' lang='lat' dir='ltr'><strong>simila</strong></span> <span class='ocrx_word' id='word_1_616' title='bbox 914 4489 942 4527; x_wconf 83' lang='lat' dir='ltr'><strong>tn</strong></span> 
     </span>
     <span class='ocr_line' id='line_1_92' title="bbox 134 4559 944 4625; baseline 0.004 -11"><span class='ocrx_word' id='word_1_617' title='bbox 134 4559 213 4614; x_wconf 88' lang='lat' dir='ltr'><strong>altari</strong></span> <span class='ocrx_word' id='word_1_618' title='bbox 231 4566 286 4613; x_wconf 90' lang='lat' dir='ltr'><strong>tota</strong></span> <span class='ocrx_word' id='word_1_619' title='bbox 301 4565 449 4625; x_wconf 90' lang='lat' dir='ltr'><strong>crematur,</strong></span> <span class='ocrx_word' id='word_1_620' title='bbox 469 4559 492 4614; x_wconf 94' lang='lat' dir='ltr'><strong>si</strong></span> <span class='ocrx_word' id='word_1_621' title='bbox 519 4560 620 4615; x_wconf 86' lang='lat' dir='ltr'><strong>Densa</strong></span> <span class='ocrx_word' id='word_1_622' title='bbox 640 4561 722 4616; x_wconf 91' lang='lat' dir='ltr'><strong>uobis</strong></span> <span class='ocrx_word' id='word_1_623' title='bbox 737 4568 793 4617; x_wconf 88' lang='lat' dir='ltr'><strong>tota</strong></span> <span class='ocrx_word' id='word_1_624' title='bbox 806 4570 901 4618; x_wconf 90' lang='lat' dir='ltr'><strong>ruente</strong></span> <span class='ocrx_word' id='word_1_625' title='bbox 916 4569 944 4617; x_wconf 92' lang='lat' dir='ltr'><strong>et</strong></span> 
     </span>
    </p>
   </div>
   <div class='ocr_carea' id='block_1_19' title="bbox 135 4654 941 4822">
    <p class='ocr_par' dir='ltr' id='par_1_19' title="bbox 135 4654 941 4822">
     <span class='ocr_line' id='line_1_93' title="bbox 135 4654 941 4728; baseline 0.002 -20"><span class='ocrx_word' id='word_1_626' title='bbox 135 4662 193 4711; x_wconf 90' lang='lat' dir='ltr'><strong>tota</strong></span> <span class='ocrx_word' id='word_1_627' title='bbox 208 4654 308 4710; x_wconf 89' lang='lat' dir='ltr'><strong>virtute</strong></span> <span class='ocrx_word' id='word_1_628' title='bbox 323 4654 469 4728; x_wconf 75' lang='lat' dir='ltr'><strong>diligatur,</strong></span> <span class='ocrx_word' id='word_1_629' title='bbox 492 4656 528 4709; x_wconf 91' lang='lat' dir='ltr'><strong>ita</strong></span> <span class='ocrx_word' id='word_1_630' title='bbox 555 4662 658 4725; x_wconf 89' lang='lat' dir='ltr'><strong>tamen,</strong></span> <span class='ocrx_word' id='word_1_631' title='bbox 680 4663 708 4712; x_wconf 90' lang='lat' dir='ltr'><strong>ut</strong></span> <span class='ocrx_word' id='word_1_632' title='bbox 733 4672 783 4728; x_wconf 92' lang='lat' dir='ltr'><strong>per</strong></span> <span class='ocrx_word' id='word_1_633' title='bbox 802 4657 941 4713; x_wconf 90' lang='lat' dir='ltr'><strong>internum</strong></span> 
     </span>
     <span class='ocr_line' id='line_1_94' title="bbox 135 4744 941 4822; baseline 0.005 -23"><span class='ocrx_word' id='word_1_634' title='bbox 135 4744 187 4801; x_wconf 86' lang='lat' dir='ltr'><strong>reli</strong></span> <span class='ocrx_word' id='word_1_635' title='bbox 202 4745 353 4816; x_wconf 89' lang='lat' dir='ltr'><strong>spiritualis</strong></span> <span class='ocrx_word' id='word_1_636' title='bbox 368 4746 506 4817; x_wconf 90' lang='lat' dir='ltr'><strong>ardorem,</strong></span> <span class='ocrx_word' id='word_1_637' title='bbox 527 4749 554 4802; x_wconf 91' lang='lat' dir='ltr'><strong>in</strong></span> <span class='ocrx_word' id='word_1_638' title='bbox 567 4749 706 4822; x_wconf 83' lang='lat' dir='ltr'><strong>sartagine</strong></span> <span class='ocrx_word' id='word_1_639' title='bbox 721 4749 814 4805; x_wconf 90' lang='lat' dir='ltr'><strong>cordis</strong></span> <span class='ocrx_word' id='word_1_640' title='bbox 843 4751 941 4819; x_wconf 84' lang='lat' dir='ltr'><strong>nostri,</strong></span> 
     </span>
    </p>
   </div>
   <div class='ocr_carea' id='block_1_20' title="bbox 67 4838 940 4897">
    <p class='ocr_par' dir='ltr' id='par_1_20' title="bbox 67 4838 940 4897">
     <span class='ocr_line' id='line_1_95' title="bbox 67 4838 940 4897; baseline 0.002 -4"><span class='ocrx_word' id='word_1_641' title='bbox 67 4850 73 4864; x_wconf 90' lang='lat'><strong>·</strong></span> <span class='ocrx_word' id='word_1_642' title='bbox 134 4838 261 4894; x_wconf 78' lang='lat' dir='ltr'><strong>fraternae</strong></span> <span class='ocrx_word' id='word_1_643' title='bbox 287 4838 377 4892; x_wconf 89' lang='lat' dir='ltr'><strong>etiam.</strong></span> <span class='ocrx_word' id='word_1_644' title='bbox 396 4839 577 4894; x_wconf 84' lang='lat' dir='ltr'><strong>correctionis</strong></span> <span class='ocrx_word' id='word_1_645' title='bbox 601 4840 782 4896; x_wconf 89' lang='lat' dir='ltr'><strong>incendamus</strong></span> <span class='ocrx_word' id='word_1_646' title='bbox 809 4857 940 4897; x_wconf 82' lang='lat' dir='ltr'><strong>amorem.</strong></span> 
     </span>
    </p>
   </div>
   <div class='ocr_carea' id='block_1_21' title="bbox 134 4925 942 5718">
    <p class='ocr_par' dir='ltr' id='par_1_21' title="bbox 134 4925 942 5718">
     <span class='ocr_line' id='line_1_96' title="bbox 136 4925 942 5005; baseline 0.006 -23"><span class='ocrx_word' id='word_1_647' title='bbox 136 4925 186 4990; x_wconf 85' lang='lat' dir='ltr'><strong>Qui</strong></span> <span class='ocrx_word' id='word_1_648' title='bbox 200 4926 275 4980; x_wconf 90' lang='lat' dir='ltr'><strong>enim</strong></span> <span class='ocrx_word' id='word_1_649' title='bbox 298 4932 423 4982; x_wconf 88' lang='lat' dir='ltr'><strong>errantes</strong></span> <span class='ocrx_word' id='word_1_650' title='bbox 438 4929 577 4998; x_wconf 90' lang='lat' dir='ltr'><strong>proximos</strong></span> <span class='ocrx_word' id='word_1_651' title='bbox 602 4945 668 4984; x_wconf 90' lang='lat' dir='ltr'><strong>suos</strong></span> <span class='ocrx_word' id='word_1_652' title='bbox 681 4929 835 5005; x_wconf 88' lang='lat' dir='ltr'><strong>corrigunt,</strong></span> <span class='ocrx_word' id='word_1_653' title='bbox 863 4938 891 4987; x_wconf 91' lang='lat' dir='ltr'><strong>et</strong></span> <span class='ocrx_word' id='word_1_654' title='bbox 903 4938 942 4986; x_wconf 87' lang='lat' dir='ltr'><strong>la·</strong></span> 
     </span>
     <span class='ocr_line' id='line_1_97' title="bbox 134 5015 941 5090; baseline 0.005 -20"><span class='ocrx_word' id='word_1_655' title='bbox 134 5031 198 5070; x_wconf 92' lang='lat' dir='ltr'><strong>men</strong></span> <span class='ocrx_word' id='word_1_656' title='bbox 214 5015 241 5069; x_wconf 92' lang='lat' dir='ltr'><strong>in</strong></span> <span class='ocrx_word' id='word_1_657' title='bbox 259 5015 318 5086; x_wconf 86' lang='lat' dir='ltr'><strong>ipsa</strong></span> <span class='ocrx_word' id='word_1_658' title='bbox 334 5015 506 5072; x_wconf 87' lang='lat' dir='ltr'><strong>correctione</strong></span> <span class='ocrx_word' id='word_1_659' title='bbox 533 5016 704 5083; x_wconf 85' lang='lat' dir='ltr'><strong>spiritualem</strong></span> <span class='ocrx_word' id='word_1_660' title='bbox 718 5020 807 5074; x_wconf 88' lang='lat' dir='ltr'><strong>zelum</strong></span> <span class='ocrx_word' id='word_1_661' title='bbox 833 5025 941 5090; x_wconf 90' lang='lat' dir='ltr'><strong>tempe·</strong></span> 
     </span>
     <span class='ocr_line' id='line_1_98' title="bbox 134 5107 940 5180; baseline 0.011 -19"><span class='ocrx_word' id='word_1_662' title='bbox 134 5124 195 5163; x_wconf 89' lang='lat' dir='ltr'><strong>rare</strong></span> <span class='ocrx_word' id='word_1_663' title='bbox 214 5108 323 5175; x_wconf 89' lang='lat' dir='ltr'><strong>sciunt,·</strong></span> <span class='ocrx_word' id='word_1_664' title='bbox 346 5107 374 5162; x_wconf 93' lang='lat' dir='ltr'><strong>hi</strong></span> <span class='ocrx_word' id='word_1_665' title='bbox 390 5108 520 5164; x_wconf 90' lang='lat' dir='ltr'><strong>nimirum</strong></span> <span class='ocrx_word' id='word_1_666' title='bbox 543 5109 726 5180; x_wconf 92' lang='lat' dir='ltr'><strong>omnipotenti</strong></span> <span class='ocrx_word' id='word_1_667' title='bbox 741 5111 796 5167; x_wconf 90' lang='lat' dir='ltr'><strong>Deo</strong></span> <span class='ocrx_word' id='word_1_668' title='bbox 814 5119 841 5166; x_wconf 91' lang='lat' dir='ltr'><strong>et</strong></span> <span class='ocrx_word' id='word_1_669' title='bbox 855 5114 940 5169; x_wconf 89' lang='lat' dir='ltr'><strong>sacri-</strong></span> 
     </span>
     <span class='ocr_line' id='line_1_99' title="bbox 134 5194 941 5258; baseline 0.011 -9"><span class='ocrx_word' id='word_1_670' title='bbox 134 5194 225 5251; x_wconf 83' lang='lat' dir='ltr'><strong>ficium</strong></span> <span class='ocrx_word' id='word_1_671' title='bbox 248 5202 275 5250; x_wconf 90' lang='lat' dir='ltr'><strong>et</strong></span> <span class='ocrx_word' id='word_1_672' title='bbox 289 5197 479 5252; x_wconf 88' lang='lat' dir='ltr'><strong>holocaustum</strong></span> <span class='ocrx_word' id='word_1_673' title='bbox 507 5196 585 5252; x_wconf 87' lang='lat' dir='ltr'><strong>fiunt.</strong></span> <span class='ocrx_word' id='word_1_674' title='bbox 599 5197 676 5253; x_wconf 89' lang='lat' dir='ltr'><strong>Unde</strong></span> <span class='ocrx_word' id='word_1_675' title='bbox 696 5201 881 5256; x_wconf 87' lang='lat' dir='ltr'><strong>necessarium</strong></span> <span class='ocrx_word' id='word_1_676' title='bbox 899 5211 941 5258; x_wconf 89' lang='lat' dir='ltr'><strong>cst</strong></span> 
     </span>
     <span class='ocr_line' id='line_1_100' title="bbox 136 5285 939 5366; baseline 0.011 -27"><span class='ocrx_word' id='word_1_677' title='bbox 136 5286 228 5351; x_wconf 90' lang='lat' dir='ltr'><strong>nobis,</strong></span> <span class='ocrx_word' id='word_1_678' title='bbox 238 5285 334 5341; x_wconf 84' lang='lat' dir='ltr'><strong>iratres</strong></span> <span class='ocrx_word' id='word_1_679' title='bbox 349 5287 516 5354; x_wconf 89' lang='lat' dir='ltr'><strong>charissimi,</strong></span> <span class='ocrx_word' id='word_1_680' title='bbox 533 5295 562 5344; x_wconf 92' lang='lat' dir='ltr'><strong>ut</strong></span> <span class='ocrx_word' id='word_1_681' title='bbox 578 5289 605 5342; x_wconf 93' lang='lat' dir='ltr'><strong>in</strong></span> <span class='ocrx_word' id='word_1_682' title='bbox 619 5289 672 5345; x_wconf 91' lang='lat' dir='ltr'><strong>hoc</strong></span> <span class='ocrx_word' id='word_1_683' title='bbox 683 5292 803 5366; x_wconf 84' lang='lat' dir='ltr'><strong>maligno</strong></span> <span class='ocrx_word' id='word_1_684' title='bbox 816 5300 939 5364; x_wconf 92' lang='lat' dir='ltr'><strong>tempore</strong></span> 
     </span>
     <span class='ocr_line' id='line_1_101' title="bbox 134 5374 936 5450; baseline 0.011 -21"><span class='ocrx_word' id='word_1_685' title='bbox 134 5374 294 5449; x_wconf 82' lang='lat' dir='ltr'><strong>suffragium</strong></span> <span class='ocrx_word' id='word_1_686' title='bbox 311 5394 467 5449; x_wconf 89' lang='lat' dir='ltr'><strong>quaeramus</strong></span> <span class='ocrx_word' id='word_1_687' title='bbox 482 5380 633 5437; x_wconf 89' lang='lat' dir='ltr'><strong>sacerdotis</strong></span> <span class='ocrx_word' id='word_1_688' title='bbox 647 5381 727 5437; x_wconf 87' lang='lat' dir='ltr'><strong>istius</strong></span> <span class='ocrx_word' id='word_1_689' title='bbox 741 5382 936 5450; x_wconf 87' lang='lat' dir='ltr'><strong>sacratissimi;</strong></span> 
     </span>
     <span class='ocr_line' id='line_1_102' title="bbox 135 5467 938 5544; baseline 0.016 -29"><span class='ocrx_word' id='word_1_690' title='bbox 135 5471 271 5532; x_wconf 85' lang='lat' dir='ltr'><strong>quatenus</strong></span> <span class='ocrx_word' id='word_1_691' title='bbox 292 5467 397 5523; x_wconf 90' lang='lat' dir='ltr'><strong>meritis</strong></span> <span class='ocrx_word' id='word_1_692' title='bbox 426 5467 513 5539; x_wconf 88' lang='lat' dir='ltr'><strong>ipsios</strong></span> <span class='ocrx_word' id='word_1_693' title='bbox 536 5485 568 5525; x_wconf 90' lang='lat' dir='ltr'><strong>ac</strong></span> <span class='ocrx_word' id='word_1_694' title='bbox 596 5470 725 5542; x_wconf 89' lang='lat' dir='ltr'><strong>precibus</strong></span> <span class='ocrx_word' id='word_1_695' title='bbox 741 5471 787 5528; x_wconf 90' lang='lat' dir='ltr'><strong>illo</strong></span> <span class='ocrx_word' id='word_1_696' title='bbox 802 5472 938 5544; x_wconf 89' lang='lat' dir='ltr'><strong>spirituali</strong></span> 
     </span>
     <span class='ocr_line' id='line_1_103' title="bbox 137 5546 937 5630; baseline 0.021 -28"><span class='ocrx_word' id='word_1_697' title='bbox 137 5546 197 5602; x_wconf 86' lang='lat' dir='ltr'><strong>zelo</strong></span> <span class='ocrx_word' id='word_1_698' title='bbox 209 5549 313 5618; x_wconf 86' lang='lat' dir='ltr'><strong>repleat</strong></span> <span class='ocrx_word' id='word_1_699' title='bbox 338 5572 388 5613; x_wconf 90' lang='lat' dir='ltr'><strong>nos</strong></span> <span class='ocrx_word' id='word_1_700' title='bbox 407 5557 478 5613; x_wconf 91' lang='lat' dir='ltr'><strong>Deus</strong></span> <span class='ocrx_word' id='word_1_701' title='bbox 493 5559 527 5613; x_wconf 90' lang='lat' dir='ltr'><strong>de</strong></span> <span class='ocrx_word' id='word_1_702' title='bbox 547 5573 601 5629; x_wconf 93' lang='lat' dir='ltr'><strong>quo</strong></span> <span class='ocrx_word' id='word_1_703' title='bbox 625 5559 757 5630; x_wconf 86' lang='lat' dir='ltr'><strong>scriptum</strong></span> <span class='ocrx_word' id='word_1_704' title='bbox 777 5569 832 5616; x_wconf 88' lang='lat' dir='ltr'><strong>est:</strong></span> <span class='ocrx_word' id='word_1_705' title='bbox 851 5564 937 5618; x_wconf 81' lang='lat' dir='ltr'><strong>Tabe·</strong></span> 
     </span>
     <span class='ocr_line' id='line_1_104' title="bbox 135 5643 938 5718; baseline 0.024 -29"><span class='ocrx_word' id='word_1_706' title='bbox 135 5648 207 5689; x_wconf 87' lang='lat' dir='ltr'><strong>scere</strong></span> <span class='ocrx_word' id='word_1_707' title='bbox 219 5643 333 5704; x_wconf 67' lang='lat' dir='ltr'><strong>refecit</strong></span> <span class='ocrx_word' id='word_1_708' title='bbox 347 5649 419 5702; x_wconf 81' lang='lat' dir='ltr'><strong>aelus</strong></span> <span class='ocrx_word' id='word_1_709' title='bbox 433 5662 506 5704; x_wconf 81' lang='lat' dir='ltr'><strong>mats</strong></span> <span class='ocrx_word' id='word_1_710' title='bbox 517 5647 599 5717; x_wconf 87' lang='lat' dir='ltr'><strong>(Psoi.</strong></span> <span class='ocrx_word' id='word_1_711' title='bbox 614 5652 717 5718; x_wconf 87' lang='lat' dir='ltr'><strong>cxvux),</strong></span> <span class='ocrx_word' id='word_1_712' title='bbox 734 5655 763 5704; x_wconf 90' lang='lat' dir='ltr'><strong>ut</strong></span> <span class='ocrx_word' id='word_1_713' title='bbox 775 5656 802 5707; x_wconf 90' lang='lat' dir='ltr'><strong>et</strong></span> <span class='ocrx_word' id='word_1_714' title='bbox 813 5664 863 5707; x_wconf 88' lang='lat' dir='ltr'><strong>nos</strong></span> <span class='ocrx_word' id='word_1_715' title='bbox 877 5667 938 5708; x_wconf 91' lang='lat' dir='ltr'><strong>cum</strong></span> 
     </span>
    </p>
   </div>
   <div class='ocr_carea' id='block_1_22' title="bbox 988 4488 1813 5741">
    <p class='ocr_par' dir='ltr' id='par_1_22' title="bbox 988 4488 1813 5741">
     <span class='ocr_line' id='line_1_105' title="bbox 993 4488 1809 4564; baseline 0.018 -21"><span class='ocrx_word' id='word_1_716' title='bbox 993 4488 1077 4544; x_wconf 88' lang='lat' dir='ltr'><strong>altare</strong></span> <span class='ocrx_word' id='word_1_717' title='bbox 1089 4497 1130 4544; x_wconf 92' lang='lat' dir='ltr'><strong>est</strong></span> <span class='ocrx_word' id='word_1_718' title='bbox 1145 4490 1205 4554; x_wconf 91' lang='lat' dir='ltr'><strong>Dei,</strong></span> <span class='ocrx_word' id='word_1_719' title='bbox 1225 4491 1248 4544; x_wconf 91' lang='lat' dir='ltr'><strong>si</strong></span> <span class='ocrx_word' id='word_1_720' title='bbox 1265 4497 1356 4547; x_wconf 90' lang='lat' dir='ltr'><strong>tamen</strong></span> <span class='ocrx_word' id='word_1_721' title='bbox 1374 4493 1478 4564; x_wconf 90' lang='lat' dir='ltr'><strong>nosipsi</strong></span> <span class='ocrx_word' id='word_1_722' title='bbox 1494 4492 1543 4547; x_wconf 80' lang='lat' dir='ltr'><strong>filii</strong></span> <span class='ocrx_word' id='word_1_723' title='bbox 1563 4494 1634 4550; x_wconf 91' lang='lat' dir='ltr'><strong>lucis</strong></span> <span class='ocrx_word' id='word_1_724' title='bbox 1654 4508 1809 4564; x_wconf 73' lang='lat' dir='ltr'><strong>samosat</strong></span> 
     </span>
     <span class='ocr_line' id='line_1_106' title="bbox 992 4578 1809 4655; baseline 0.017 -24"><span class='ocrx_word' id='word_1_725' title='bbox 992 4578 1093 4633; x_wconf 88' lang='lat' dir='ltr'><strong>virtute</strong></span> <span class='ocrx_word' id='word_1_726' title='bbox 1108 4580 1259 4650; x_wconf 83' lang='lat' dir='ltr'><strong>quadratis,</strong></span> <span class='ocrx_word' id='word_1_727' title='bbox 1272 4581 1339 4649; x_wconf 87' lang='lat' dir='ltr'><strong>Deo,</strong></span> <span class='ocrx_word' id='word_1_728' title='bbox 1355 4582 1439 4655; x_wconf 88' lang='lat' dir='ltr'><strong>digne</strong></span> <span class='ocrx_word' id='word_1_729' title='bbox 1454 4584 1482 4638; x_wconf 91' lang='lat' dir='ltr'><strong>in</strong></span> <span class='ocrx_word' id='word_1_730' title='bbox 1497 4584 1579 4639; x_wconf 90' lang='lat' dir='ltr'><strong>nobis</strong></span> <span class='ocrx_word' id='word_1_731' title='bbox 1590 4583 1685 4641; x_wconf 84' lang='lat' dir='ltr'><strong>offerri</strong></span> <span class='ocrx_word' id='word_1_732' title='bbox 1695 4589 1809 4645; x_wconf 80' lang='lat' dir='ltr'><strong>valeant</strong></span> 
     </span>
     <span class='ocr_line' id='line_1_107' title="bbox 992 4668 1807 4749; baseline 0.015 -28"><span class='ocrx_word' id='word_1_733' title='bbox 992 4668 1066 4722; x_wconf 89' lang='lat' dir='ltr'><strong>dona</strong></span> <span class='ocrx_word' id='word_1_734' title='bbox 1078 4675 1105 4723; x_wconf 90' lang='lat' dir='ltr'><strong>et</strong></span> <span class='ocrx_word' id='word_1_735' title='bbox 1127 4668 1261 4724; x_wconf 87' lang='lat' dir='ltr'><strong>sacrificia</strong></span> <span class='ocrx_word' id='word_1_736' title='bbox 1277 4686 1326 4740; x_wconf 91' lang='lat' dir='ltr'><strong>pro</strong></span> <span class='ocrx_word' id='word_1_737' title='bbox 1354 4672 1483 4741; x_wconf 89' lang='lat' dir='ltr'><strong>peccatis.</strong></span> <span class='ocrx_word' id='word_1_738' title='bbox 1501 4672 1579 4728; x_wconf 91' lang='lat' dir='ltr'><strong>Unde</strong></span> <span class='ocrx_word' id='word_1_739' title='bbox 1600 4681 1628 4729; x_wconf 90' lang='lat' dir='ltr'><strong>et</strong></span> <span class='ocrx_word' id='word_1_740' title='bbox 1653 4675 1733 4749; x_wconf 88' lang='lat' dir='ltr'><strong>ignis</strong></span> <span class='ocrx_word' id='word_1_741' title='bbox 1760 4678 1807 4734; x_wconf 91' lang='lat' dir='ltr'><strong>ille</strong></span> 
     </span>
     <span class='ocr_line' id='line_1_108' title="bbox 992 4755 1810 4830; baseline 0.017 -21"><span class='ocrx_word' id='word_1_742' title='bbox 992 4755 1088 4828; x_wconf 86' lang='lat' dir='ltr'><strong>legalis</strong></span> <span class='ocrx_word' id='word_1_743' title='bbox 1098 4773 1154 4812; x_wconf 91' lang='lat' dir='ltr'><strong>nou</strong></span> <span class='ocrx_word' id='word_1_744' title='bbox 1171 4758 1308 4814; x_wconf 90' lang='lat' dir='ltr'><strong>immerito</strong></span> <span class='ocrx_word' id='word_1_745' title='bbox 1321 4775 1431 4830; x_wconf 89' lang='lat' dir='ltr'><strong>semper</strong></span> <span class='ocrx_word' id='word_1_746' title='bbox 1445 4760 1552 4816; x_wconf 88' lang='lat' dir='ltr'><strong>ardebit</strong></span> <span class='ocrx_word' id='word_1_747' title='bbox 1568 4761 1595 4816; x_wconf 92' lang='lat' dir='ltr'><strong>in</strong></span> <span class='ocrx_word' id='word_1_748' title='bbox 1611 4763 1708 4828; x_wconf 87' lang='lat' dir='ltr'><strong>altari,</strong></span> <span class='ocrx_word' id='word_1_749' title='bbox 1722 4765 1752 4820; x_wconf 91' lang='lat' dir='ltr'><strong>id</strong></span> <span class='ocrx_word' id='word_1_750' title='bbox 1767 4774 1810 4823; x_wconf 91' lang='lat' dir='ltr'><strong>est</strong></span> 
     </span>
     <span class='ocr_line' id='line_1_109' title="bbox 993 4847 1811 4919; baseline 0.017 -17"><span class='ocrx_word' id='word_1_751' title='bbox 993 4847 1021 4903; x_wconf 93' lang='lat' dir='ltr'><strong>in</strong></span> <span class='ocrx_word' id='word_1_752' title='bbox 1044 4864 1090 4903; x_wconf 85' lang='lat' dir='ltr'><strong>ara</strong></span> <span class='ocrx_word' id='word_1_753' title='bbox 1105 4851 1198 4905; x_wconf 91' lang='lat' dir='ltr'><strong>cordis</strong></span> <span class='ocrx_word' id='word_1_754' title='bbox 1217 4851 1314 4919; x_wconf 91' lang='lat' dir='ltr'><strong>nostri,</strong></span> <span class='ocrx_word' id='word_1_755' title='bbox 1335 4852 1436 4908; x_wconf 74' lang='lat' dir='ltr'><strong>divina</strong></span> <span class='ocrx_word' id='word_1_756' title='bbox 1460 4854 1600 4909; x_wconf 90' lang='lat' dir='ltr'><strong>charitatis</strong></span> <span class='ocrx_word' id='word_1_757' title='bbox 1621 4855 1708 4912; x_wconf 89' lang='lat' dir='ltr'><strong>ardor</strong></span> <span class='ocrx_word' id='word_1_758' title='bbox 1724 4859 1811 4916; x_wconf 90' lang='lat' dir='ltr'><strong>debet</strong></span> 
     </span>
     <span class='ocr_line' id='line_1_110' title="bbox 993 4939 1809 5019; baseline 0.015 -27"><span class='ocrx_word' id='word_1_759' title='bbox 993 4939 1053 4993; x_wconf 92' lang='lat' dir='ltr'><strong>sine</strong></span> <span class='ocrx_word' id='word_1_760' title='bbox 1080 4939 1286 4997; x_wconf 91' lang='lat' dir='ltr'><strong>intermissione</strong></span> <span class='ocrx_word' id='word_1_761' title='bbox 1312 4943 1440 5008; x_wconf 89' lang='lat' dir='ltr'><strong>cremari,</strong></span> <span class='ocrx_word' id='word_1_762' title='bbox 1453 4960 1485 4998; x_wconf 88' lang='lat' dir='ltr'><strong>ex</strong></span> <span class='ocrx_word' id='word_1_763' title='bbox 1512 4943 1559 4999; x_wconf 91' lang='lat' dir='ltr'><strong>illo</strong></span> <span class='ocrx_word' id='word_1_764' title='bbox 1574 4943 1711 5002; x_wconf 85' lang='lat' dir='ltr'><strong>videlicet</strong></span> <span class='ocrx_word' id='word_1_765' title='bbox 1724 4965 1809 5019; x_wconf 88' lang='lat' dir='ltr'><strong>quern</strong></span> 
     </span>
     <span class='ocr_line' id='line_1_111' title="bbox 993 5029 1811 5107; baseline 0.016 -25"><span class='ocrx_word' id='word_1_766' title='bbox 993 5029 1171 5100; x_wconf 63' lang='lat' dir='ltr'><strong>praediximus</strong></span> <span class='ocrx_word' id='word_1_767' title='bbox 1191 5033 1255 5105; x_wconf 89' lang='lat' dir='ltr'><strong>igue</strong></span> <span class='ocrx_word' id='word_1_768' title='bbox 1270 5032 1324 5088; x_wconf 90' lang='lat' dir='ltr'><strong>vim</strong></span> <span class='ocrx_word' id='word_1_769' title='bbox 1352 5049 1466 5103; x_wconf 84' lang='lat' dir='ltr'><strong>semper</strong></span> <span class='ocrx_word' id='word_1_770' title='bbox 1488 5041 1655 5105; x_wconf 90' lang='lat' dir='ltr'><strong>accepturus</strong></span> <span class='ocrx_word' id='word_1_771' title='bbox 1675 5039 1811 5107; x_wconf 91' lang='lat' dir='ltr'><strong>ardendi,</strong></span> 
     </span>
     <span class='ocr_line' id='line_1_112' title="bbox 993 5118 1813 5188; baseline 0.017 -17"><span class='ocrx_word' id='word_1_772' title='bbox 993 5133 1075 5188; x_wconf 89' lang='lat' dir='ltr'><strong>quem</strong></span> <span class='ocrx_word' id='word_1_773' title='bbox 1089 5118 1222 5174; x_wconf 90' lang='lat' dir='ltr'><strong>Dominus</strong></span> <span class='ocrx_word' id='word_1_774' title='bbox 1233 5120 1307 5175; x_wconf 86' lang='lat' dir='ltr'><strong>misit</strong></span> <span class='ocrx_word' id='word_1_775' title='bbox 1327 5122 1354 5176; x_wconf 93' lang='lat' dir='ltr'><strong>in</strong></span> <span class='ocrx_word' id='word_1_776' title='bbox 1368 5128 1467 5177; x_wconf 89' lang='lat' dir='ltr'><strong>terram</strong></span> <span class='ocrx_word' id='word_1_777' title='bbox 1484 5132 1511 5178; x_wconf 90' lang='lat' dir='ltr'><strong>et</strong></span> <span class='ocrx_word' id='word_1_778' title='bbox 1521 5123 1607 5178; x_wconf 81' lang='lat' dir='ltr'><strong>voluit</strong></span> <span class='ocrx_word' id='word_1_779' title='bbox 1621 5125 1813 5184; x_wconf 81' lang='lat' dir='ltr'><strong>veliementer</strong></span> 
     </span>
     <span class='ocr_line' id='line_1_113' title="bbox 990 5207 1808 5285; baseline 0.017 -24"><span class='ocrx_word' id='word_1_780' title='bbox 990 5207 1105 5262; x_wconf 87' lang='lat' dir='ltr'><strong>accendi</strong></span> <span class='ocrx_word' id='word_1_781' title='bbox 1117 5207 1191 5277; x_wconf 71' lang='lat' dir='ltr'><strong>(Late.</strong></span> <span class='ocrx_word' id='word_1_782' title='bbox 1206 5211 1260 5277; x_wconf 86' lang='lat' dir='ltr'><strong>xu).</strong></span> <span class='ocrx_word' id='word_1_783' title='bbox 1274 5207 1321 5263; x_wconf 85' lang='lat' dir='ltr'><strong>Cui</strong></span> <span class='ocrx_word' id='word_1_784' title='bbox 1336 5210 1466 5266; x_wconf 88' lang='lat' dir='ltr'><strong>videlicet</strong></span> <span class='ocrx_word' id='word_1_785' title='bbox 1475 5212 1544 5284; x_wconf 83' lang='lat' dir='ltr'><strong>igni,</strong></span> <span class='ocrx_word' id='word_1_786' title='bbox 1560 5228 1594 5266; x_wconf 91' lang='lat' dir='ltr'><strong>ne</strong></span> <span class='ocrx_word' id='word_1_787' title='bbox 1611 5213 1640 5266; x_wconf 93' lang='lat' dir='ltr'><strong>in</strong></span> <span class='ocrx_word' id='word_1_788' title='bbox 1656 5217 1808 5285; x_wconf 88' lang='lat' dir='ltr'><strong>subjecto·</strong></span> 
     </span>
     <span class='ocr_line' id='line_1_114' title="bbox 991 5298 1810 5377; baseline 0.017 -28"><span class='ocrx_word' id='word_1_789' title='bbox 991 5311 1050 5350; x_wconf 91' lang='lat' dir='ltr'><strong>rum</strong></span> <span class='ocrx_word' id='word_1_790' title='bbox 1071 5312 1183 5352; x_wconf 91' lang='lat' dir='ltr'><strong>suorum</strong></span> <span class='ocrx_word' id='word_1_791' title='bbox 1199 5298 1329 5353; x_wconf 91' lang='lat' dir='ltr'><strong>cordibus</strong></span> <span class='ocrx_word' id='word_1_792' title='bbox 1344 5301 1494 5372; x_wconf 85' lang='lat' dir='ltr'><strong>aliquando</strong></span> <span class='ocrx_word' id='word_1_793' title='bbox 1514 5302 1657 5358; x_wconf 87' lang='lat' dir='ltr'><strong>rideretur</strong></span> <span class='ocrx_word' id='word_1_794' title='bbox 1671 5305 1810 5377; x_wconf 89' lang='lat' dir='ltr'><strong>delicere,</strong></span> 
     </span>
     <span class='ocr_line' id='line_1_115' title="bbox 988 5384 1811 5468; baseline 0.018 -29"><span class='ocrx_word' id='word_1_795' title='bbox 988 5384 1117 5441; x_wconf 88' lang='lat' dir='ltr'><strong>sacerdos</strong></span> <span class='ocrx_word' id='word_1_796' title='bbox 1132 5386 1183 5442; x_wconf 92' lang='lat' dir='ltr'><strong>iste</strong></span> <span class='ocrx_word' id='word_1_797' title='bbox 1207 5389 1410 5444; x_wconf 88' lang='lat' dir='ltr'><strong>sacratissimus</strong></span> <span class='ocrx_word' id='word_1_798' title='bbox 1429 5406 1510 5445; x_wconf 90' lang='lat' dir='ltr'><strong>mane</strong></span> <span class='ocrx_word' id='word_1_799' title='bbox 1521 5393 1584 5463; x_wconf 66' lang='lat' dir='ltr'><strong>{per</strong></span> <span class='ocrx_word' id='word_1_800' title='bbox 1598 5392 1734 5468; x_wconf 87' lang='lat' dir='ltr'><strong>singulas</strong></span> <span class='ocrx_word' id='word_1_801' title='bbox 1747 5397 1811 5454; x_wconf 91' lang='lat' dir='ltr'><strong>dies</strong></span> 
     </span>
     <span class='ocr_line' id='line_1_116' title="bbox 990 5470 1813 5558; baseline 0.022 -33"><span class='ocrx_word' id='word_1_802' title='bbox 990 5470 1074 5550; x_wconf 72' lang='lat' dir='ltr'><strong>ligna,</strong></span> <span class='ocrx_word' id='word_1_803' title='bbox 1093 5473 1122 5528; x_wconf 89' lang='lat' dir='ltr'><strong>id</strong></span> <span class='ocrx_word' id='word_1_804' title='bbox 1148 5483 1199 5542; x_wconf 90' lang='lat' dir='ltr'><strong>est,</strong></span> <span class='ocrx_word' id='word_1_805' title='bbox 1228 5476 1405 5548; x_wconf 88' lang='lat' dir='ltr'><strong>antiquorum</strong></span> <span class='ocrx_word' id='word_1_806' title='bbox 1428 5478 1537 5534; x_wconf 89' lang='lat' dir='ltr'><strong>Patrum</strong></span> <span class='ocrx_word' id='word_1_807' title='bbox 1552 5480 1662 5537; x_wconf 88' lang='lat' dir='ltr'><strong>solebat</strong></span> <span class='ocrx_word' id='word_1_808' title='bbox 1676 5487 1813 5558; x_wconf 86' lang='lat' dir='ltr'><strong>exempla</strong></span> 
     </span>
     <span class='ocr_line' id='line_1_117' title="bbox 989 5563 1811 5638; baseline 0.024 -21"><span class='ocrx_word' id='word_1_809' title='bbox 989 5563 1142 5634; x_wconf 75' lang='lat' dir='ltr'><strong>subiicere;</strong></span> <span class='ocrx_word' id='word_1_810' title='bbox 1168 5574 1305 5638; x_wconf 88' lang='lat' dir='ltr'><strong>quatenus</strong></span> <span class='ocrx_word' id='word_1_811' title='bbox 1335 5570 1362 5624; x_wconf 89' lang='lat' dir='ltr'><strong>in</strong></span> <span class='ocrx_word' id='word_1_812' title='bbox 1383 5586 1480 5627; x_wconf 90' lang='lat' dir='ltr'><strong>eorum</strong></span> <span class='ocrx_word' id='word_1_813' title='bbox 1508 5572 1642 5630; x_wconf 90' lang='lat' dir='ltr'><strong>cordibus</strong></span> <span class='ocrx_word' id='word_1_814' title='bbox 1673 5577 1811 5636; x_wconf 74' lang='lat' dir='ltr'><strong>vitiorum</strong></span> 
     </span>
     <span class='ocr_line' id='line_1_118' title="bbox 991 5656 1811 5741; baseline 0.022 -30"><span class='ocrx_word' id='word_1_815' title='bbox 991 5656 1114 5713; x_wconf 89' lang='lat' dir='ltr'><strong>omnium</strong></span> <span class='ocrx_word' id='word_1_816' title='bbox 1137 5660 1307 5718; x_wconf 90' lang='lat' dir='ltr'><strong>torsionibus</strong></span> <span class='ocrx_word' id='word_1_817' title='bbox 1329 5663 1480 5721; x_wconf 89' lang='lat' dir='ltr'><strong>abeodem</strong></span> <span class='ocrx_word' id='word_1_818' title='bbox 1512 5666 1571 5736; x_wconf 88' lang='lat' dir='ltr'><strong>ipse</strong></span> <span class='ocrx_word' id='word_1_819' title='bbox 1596 5673 1745 5741; x_wconf 86' lang='lat' dir='ltr'><strong>crematis,</strong></span> <span class='ocrx_word' id='word_1_820' title='bbox 1775 5673 1811 5728; x_wconf 90' lang='lat' dir='ltr'><strong>ad</strong></span> 
     </span>
    </p>
   </div>
   <div class='ocr_carea' id='block_1_23' title="bbox 0 0 1867 6014">
    <p class='ocr_par' dir='ltr' id='par_1_23' title="bbox 0 0 1867 6014">
     <span class='ocr_line' id='line_1_119' title="bbox 0 0 1867 6014; baseline 0 0"><span class='ocrx_word' id='word_1_821' title='bbox 0 0 1867 6014; x_wconf 95' lang='lat' dir='ltr'><strong> </strong></span> 
     </span>
    </p>
   </div>
  </div>
 </body>
</html>
