3720 6014
93 221 146 276 599

700 213 873 269 stabulati
902 212 1158 271 andelacensis,

1716 222 1772 280 eoo

95 353 175 426 piens
189 361 255 421 ergo
277 347 438 419 supradicto
458 347 610 404 amicosne
625 346 784 418 wichperto
800 343 904 401 veraci·
918 346 1019 417 AOtte
1033 347 1130 402 diuina
1151 349 1260 416 fovente
1285 348 1425 404 elementia
1446 364 1496 404 ree
1515 351 1723 409 betborensium
1748 359 1774 411 et

93 447 135 496 ter
150 445 177 494 et
186 436 383 508 perpetualiter
409 435 461 491 troi
474 436 502 490 in
519 436 646 503 Domino,
669 443 727 491 toto
742 432 845 490 mentis
858 449 903 488 sr-

93 529 337 594 debatdesiderio,
352 534 382 584 ut
396 544 459 584 eum
487 535 593 601 posset,
608 528 707 584 lucrari
728 527 855 594 ltomino,
875 534 901 582 et

93 638 204 680 omnem
222 620 339 695 gratiam
358 619 498 688 amicitiae,
526 636 582 694 qua
607 620 681 692 apud
704 620 826 675 animum
842 619 903 686 ejus

92 726 147 775 tum
162 715 315 773 eltieaeiter
328 722 444 788 poterat,
460 716 624 772 adsalutem
637 716 737 772 onimae
753 715 900 771 illiuscon·

92 813 200 864 uertere
220 805 363 881 gestiebat.
392 805 447 861 ltee
469 805 546 877 prius
566 805 682 872 destitit,
711 821 793 876 quam
839 819 900 858 eum

93 901 178 956 artius
191 897 304 955 infixum
319 897 347 953 in
360 899 420 954 tacu
434 897 555 953 miserim
578 893 727 953 mundanae
743 904 771 952 et
789 897 849 951 luto
860 911 901 951 sa·

94 989 195 1045 colaris
213 987 354 1060 potentiae,
376 985 484 1042 sortiter
502 986 603 1055 iniectu
619 1002 702 1041 manu
736 985 861 1050 extraxit,
876 994 904 1040 ot

94 1093 208 1152 ymnum
223 1091 325 1134 norum
336 1075 436 1130 diviuae
451 1074 619 1131 laudationis
644 1077 671 1130 in
692 1092 724 1132 os
738 1075 799 1144 ojus
811 1074 903 1129 immi-

95 1168 140 1223 sit.
156 1165 261 1221 Deinde
274 1163 356 1219 etiam
373 1162 400 1217 in
411 1163 561 1219 totiusuitae
571 1179 627 1219 suae
639 1164 902 1235 tenoreexequcndo

94 1263 223 1313 strenuus
249 1253 275 1309 ei
299 1252 352 1310 tuit
378 1250 512 1320 eruditor,
543 1251 614 1307 lidus
639 1260 667 1307 et
687 1252 903 1324 circumspectus

94 1345 265 1413 consiliator,
300 1353 327 1398 et
356 1351 501 1416 promptus
537 1343 565 1397 in
597 1360 687 1399 rerum
717 1345 902 1415 oportunitate

93 1436 213 1507 adputor.
230 1433 286 1488 lloc
305 1432 428 1504 denique
456 1431 602 1488 incentore
631 1432 776 1488 basilicam
793 1433 848 1488 lieo
874 1439 902 1488 et

92 1534 187 1584 sancto
201 1526 282 1581 Petro
297 1532 447 1595 sanctoque
461 1524 598 1594 llruporio
607 1524 763 1591 aedificavit,
777 1525 902 1580 officinas

93 1621 220 1677 claustris
235 1617 404 1674 monachicae
431 1617 574 1692 religionis
588 1619 623 1653 ¹⁰¹
652 1630 844 1690 competentes
864 1637 902 1674 nr-

956 442 1166 508 Fronaipenam.
1183 441 1321 511 Qtriequid
1340 441 1560 499 Germanensium
1586 447 1635 501 sub
1660 449 1773 518 imperii

952 533 1039 585 nostri
1059 530 1160 586 dltiom
1172 546 1204 585 ae
1218 531 1358 598 retipionis
1374 533 1423 586 ltei
1436 537 1537 587 nutua
1564 536 1770 593 concubitibus

953 635 984 674 oc
995 621 1045 675 Dei
1058 620 1197 674 timoratis
1211 622 1306 688 opiter
1319 621 1399 687 uiris,
1413 626 1505 676 retum
1525 623 1651 679 dummus
1664 628 1771 683 nostris

952 715 1121 771 corroborari
1135 715 1339 781 assertionibus,
1355 717 1458 772 scilicet
1473 722 1503 773 ut
1521 724 1615 774 nostro
1638 722 1771 790 trinitate

952 822 983 862 ac
998 807 1174 873 deserntenue
1192 807 1304 862 ualeant
1328 812 1422 862 contro
1437 809 1628 876 irasestantium
1642 813 1770 868 incursus

952 893 987 929 ¹¹²
1006 898 1086 949 tueri.
1117 896 1290 966 Orraprepter
1310 901 1439 965 canescat
1462 898 1587 968 bdelium
1611 906 1769 970 conuentus,

954 985 1149 1054 quodquidam
1163 986 1335 1057 wicbpertus
1345 989 1462 1054 nomine,
1478 990 1673 1045 ascentoribus
1688 991 1772 1061 bratus

952 1073 1016 1126 eitn
1029 1074 1192 1128 tumultibus
1206 1076 1341 1140 recedens,
1357 1081 1545 1147 coaeternpnens
1564 1082 1729 1135 transitoria
1740 1085 1772 1136 ut

953 1166 1132 1217 cenentuteret
1155 1169 1267 1231 aterna,
1283 1167 1364 1220 uertit
1379 1181 1406 1220 se
1421 1166 1458 1220 od
1480 1171 1635 1224 mortaniam
1647 1171 1772 1239 reputem

953 1253 1015 1305 eitra
1030 1253 1132 1306 sincero
1147 1256 1245 1309 mentis
1259 1256 1381 1321 sonitans
1394 1254 1503 1325 affeetu,
1518 1258 1663 1326 qualitera
1675 1263 1773 1316 semet·

954 1344 1023 1413 ipso,
1037 1350 1123 1414 prout
1137 1347 1307 1416 possibilitas
1319 1348 1374 1401 sibi
1385 1348 1501 1415 adesset,
1519 1349 1620 1419 dapne
1633 1350 1770 1420 majesta-

954 1435 989 1487 tis
1017 1440 1241 1501 aupmeataretur
1261 1438 1422 1504 famulatus,
1439 1443 1595 1493 construere
1609 1440 1768 1498 'basilicam

952 1537 1014 1576 mou
1045 1526 1125 1593 cepit
1152 1527 1182 1578 in
1210 1526 1265 1579 leco
1304 1527 1446 1583 Genrbtaus
1479 1531 1509 1584 in
1540 1532 1638 1587 bonore
1674 1533 1768 1587 sancti

952 1612 1097 1666 saluatoris
1120 1613 1225 1668 domiui
1238 1617 1324 1669 nostri
1336 1618 1399 1670 lesu
1414 1616 1525 1672 Christi.
1545 1618 1620 1672 Talis
1643 1634 1706 1686 erpo
1721 1620 1771 1674 de·

94 1710 224 1776 dificarit,
241 1725 285 1763 res
303 1723 367 1763 suas
391 1707 560 1765 hereditario
579 1709 642 1777 jure
669 1709 724 1764 ltco
755 1710 900 1783 delegarit.
917 1679 1233 1760 sssst'dtt't't'itt't'852'mwtt
1253 1712 1373 1775 nepotem
1387 1722 1477 1774 suum,
1496 1707 1684 1779 Wietrpertum
1695 1726 1769 1781 m·

94 1801 190 1858 iratres
204 1801 316 1873 adjuge
330 1799 378 1854 ltci
394 1798 564 1855 famulicium
594 1801 712 1855 idoneos
744 1802 814 1856 inibi
837 1819 904 1858 eon·
954 1794 1552 1870 setam,caloresucccndi‘conspiciensauia
1571 1803 1774 1858 suadislono·

94 1893 229 1970 gregarii,
240 1909 326 1965 seque
336 1906 456 1963 suosque
485 1907 590 1964 suaque
606 1893 699 1947 omnia
716 1894 749 1947 ad
777 1895 836 1963 ojus
852 1913 905 1950 nn.
955 1888 1071 1952 mirram,
1090 1888 1222 1957 praesidio
1249 1893 1457 1949 corrstructiouis
1482 1891 1601 1960 ejersilem
1631 1894 1775 1949 Gcmblau·

94 1994 151 2042 tum
162 1984 328 2040 obedienter
341 1982 479 2040 ordinarit
518 1983 696 2054 Perpendens
720 1985 813 2057 itaque
835 2005 904 2058 prm.
956 1981 1041 2033 censis
1054 1982 1164 2034 certabit
1183 1995 1226 2034 res
1244 1981 1331 2034 eidem
1346 1985 1507 2051 reminisco
1522 1984 1605 2052 legali
1623 1985 1774 2041 traditione

93 2078 165 2134 latus
180 2076 354 2147 wicbpertus
365 2076 439 2130 laune
452 2073 540 2130 virum
552 2075 610 2130 suis
630 2077 803 2147 temporibus
815 2096 830 2132 a
845 2081 900 2136 lteo

93 2169 261 2224 destinatum
278 2167 311 2221 ad
327 2167 433 2221 animas
448 2166 604 2234 lucrandas,
620 2174 647 2222 et
666 2168 739 2223 benc
770 2178 900 2240 expertus

93 2257 203 2332 dirigis
217 2256 333 2313 Domino
353 2272 402 2328 per
416 2256 510 2311 omnia
536 2255 612 2309 illius
638 2256 707 2324 vias,
732 2273 781 2328 pro
801 2259 900 2317 collato

93 2347 267 2405 sibicoelitus
285 2345 410 2401 subsidio
431 2345 602 2401 incessantes
631 2347 770 2403 Divinitati
803 2351 902 2424 agebat

93 2442 204 2516 gratius.
221 2439 298 2495 Unde
331 2439 435 2495 salubri
460 2438 581 2495 directus
600 2441 729 2508 consilio,
754 2449 838 2498 totum
871 2461 902 2500 se

92 2531 152 2600 oJus
172 2528 299 2585 submisit
312 2528 481 2602 magisterio,
510 2544 632 2600 cumque
646 2529 775 2585 abbatem
798 2532 902 2606 delegit

93 2631 121 2681 ct
136 2623 260 2696 praeiecit
272 2623 324 2678 sibi
340 2623 510 2695 fratrumque
522 2625 771 2699 suorumcollegio‚
783 2628 901 2695 ut,omni

93 2717 240 2772 mundanae
270 2713 465 2770 sollicitudinis
492 2730 578 2770 onere
593 2715 733 2788 deposito,
750 2718 808 2789 ipse
824 2736 901 2775 secu·

91 2809 150 2864 rius
164 2814 192 2864 ot
206 2806 337 2864 intentius
352 2808 572 2878 contemplativae
591 2809 653 2864 vitan
671 2809 900 2884 invigilaretpro·

91 2899 191 2970 posito.

951 2073 1065 2127 coretutit
1081 2074 1274 2154 hereditarias,
1294 2090 1362 2144 quas
1375 2076 1428 2130 sibi
1450 2078 1495 2130 eir
1510 2093 1574 2132 suus
1595 2081 1705 2133 nemine
1718 2082 1771 2135 lte-

951 2166 1060 2234 tteinpns
1081 2167 1213 2236 ineprendit
1239 2168 1310 2222 detis
1335 2171 1429 2236 pratia
1457 2171 1486 2224 in
1511 2174 1642 2226 comitutu
1668 2173 1774 2229 seilicet

951 2259 1107 2313 bomerceusi
1122 2264 1202 2329 estque
1214 2261 1609 2332 bacernensi,oitlamptdettcet
1623 2265 1770 2321 Gemblaus

952 2366 1011 2405 curn
1031 2351 1154 2406 amitibus
1173 2352 1212 2406 ad
1225 2353 1336 2408 eandem
1349 2355 1558 2423 pertinentibus.
1574 2357 1768 2428 lacedemone

950 2462 1022 2518 pape
1037 2448 1131 2502 aritiam
1144 2448 1244 2518 bufiols
1258 2450 1360 2503 dietam
1374 2465 1434 2504 eum
1456 2451 1626 2520 appenditiis
1648 2455 1719 2508 suis.
1735 2455 1773 2508 Et

952 2538 981 2589 in
993 2536 1204 2604 viltadsnatpio
1223 2538 1354 2607 quiequid
1364 2540 1422 2608 ipse
1428 2539 1494 2607 jure
1508 2543 1596 2595 tenuit
1608 2542 1651 2595 eet
1663 2543 1694 2596 ln‘
1703 2558 1775 2612 ques

949 2626 1073 2694 propriis
1088 2624 1132 2678 bic
1148 2629 1242 2678 netore
1260 2625 1418 2680 studuimus
1432 2628 1608 2683 nominibus:
1638 2629 1776 2686 liebertus

951 2717 1085 2781 oirleticet,
1113 2718 1249 2784 clupeus,
1274 2718 1429 2782 retentans,
1459 2716 1563 2784 limma,
1596 2723 1768 2791 Herieindis,

948 2814 1048 2879 preter
1061 2809 1206 2864 dimidium
1215 2823 1339 2864 mansum
1354 2810 1426 2879 quad
1440 2814 1528 2865 sorori
1546 2826 1602 2866 sate
1613 2828 1663 2882 pro
1677 2813 1771 2870 suae

951 2901 1063 2956 contidit
1076 2901 1174 2954 enimn
1187 2915 1249 2954 sue.
1273 2902 1308 2954 Et
1322 2901 1397 2970 apud
1419 2901 1532 2956 culidem
1544 2918 1647 2972 papum
1665 2905 1766 2960 uillam

126 2988 153 3041 5.
168 2985 263 3058 ltaque
275 2985 317 3041 vir
340 2985 401 3041 vitre
426 2985 615 3041 memorabilis
636 2986 765 3043 Ertuiuus
779 2989 814 3023 ⁷⁰¹
842 3005 896 3045 non
909 3007 933 3075 C
945 2997 1115 3058 snteeierias
1123 3009 1182 3048 eram
1194 2994 1265 3048 inibi
1275 2996 1478 3064 aspicientibus,
1486 3012 1625 3067 unumque
1635 3014 1765 3055 mensum

91 3081 284 3137 honorcmsod
299 3096 369 3137 orus
393 3081 547 3152 suscipiens
574 3082 719 3138 monastici
742 3084 894 3156 regiminis,

91 3172 291 3229 coicerentius
316 3173 403 3245 caepit
430 3173 560 3229 insudare
586 3174 719 3248 regularis
743 3175 896 3248 disciplinae

90 3266 198 3327 studiis.
219 3282 273 3338 quo
288 3267 392 3323 sciebat
423 3283 454 3321 se
468 3269 525 3322 [teo
552 3268 685 3323 rationem
711 3269 895 3338 redditurum,

90 3370 146 3411 non
166 3361 271 3413 tanturn
291 3355 326 3412 de
342 3355 410 3421 suis,
431 3355 578 3410 sedetiam
595 3356 629 3411 de
642 3356 693 3410 sibi
707 3356 896 3427 subjectorum

68 3451 70 3453 ’
91 3449 253 3505 ratiociniis.
271 3449 308 3503 lte
321 3448 400 3520 cujrrs
415 3448 476 3504 vitro
490 3447 657 3504 insinuando
669 3457 811 3517 statumen
827 3467 898 3523 opus

89 3549 132 3600 est
151 3557 233 3615 agere
247 3540 334 3597 multo
355 3540 502 3597 verborum
519 3541 635 3601 ambitu,
653 3543 688 3597 de
708 3559 762 3614 quo
790 3551 899 3598 constat

89 3634 210 3691 nonalia
224 3634 316 3709 egisse
327 3633 379 3688 nisi
399 3648 460 3704 quae
474 3634 573 3704 placita
592 3642 685 3689 essent
703 3635 731 3688 in
747 3635 805 3688 reri
816 3635 896 3702 judi-

89 3728 128 3784 cis
154 3736 315 3799 conspectu.
344 3727 400 3782 Neo
427 3727 541 3781 dubium
568 3728 615 3799 qui
644 3735 696 3782 tam
725 3728 844 3802 gratuite
863 3728 898 3763 ¹¹⁰

947 3091 1019 3163 qnod
1038 3090 1103 3142 emit
1116 3086 1245 3141 uocabulo
1258 3089 1341 3153 Runa,
1359 3088 1528 3158 alterumque
1556 3105 1680 3145 mensum
1694 3094 1774 3161 pisca

947 3191 1032 3245 lemin
1043 3189 1097 3241 loeo
1109 3187 1158 3255 qui
1177 3185 1284 3239 dieitur-
1298 3185 1386 3242 Vilers
1402 3188 1556 3255 critiquttus
1571 3188 1768 3257 appendentem

947 3280 984 3334 od
996 3279 1083 3333 altare
1093 3277 1182 3331 saneti
1191 3277 1263 3329 Petri
1275 3277 1412 3345 principis
1433 3277 1626 3345 apostotorum.
1653 3279 1762 3334 Simili-

948 3373 990 3423 ter
999 3371 1028 3423 in
1037 3382 1109 3437 propo
1118 3365 1224 3420 Asbatn
1238 3364 1308 3436 (893)
1322 3365 1396 3433 uprtd
1405 3366 1500 3420 uillam
1514 3365 1626 3421 Herines
1636 3384 1766 3425 mansum

948 3474 1043 3521 tererem,
1060 3455 1133 3526 praed
1146 3454 1298 3521 Retteinpus
1308 3457 1334 3508 et
1348 3455 1469 3525 aonjmm
1482 3456 1540 3524 ejus
1550 3462 1677 3512 amount.
1696 3461 1770 3516 Vites

948 3548 1064 3617 aletrinae
1085 3547 1240 3600 tironustieoe
1255 3560 1378 3599 normam
1399 3549 1445 3614 pio
1456 3545 1640 3617 multiplicare
1653 3565 1767 3607 centens

947 3643 1049 3695 intente
1062 3639 1178 3708 pisneio
1191 3637 1267 3692 Gisia
1277 3643 1528 3707 srrpronrenrerate,
1544 3655 1604 3694 erere
1614 3641 1681 3708 fidei
1695 3643 1770 3698 diei-

948 3731 1021 3782 nitus
1037 3728 1135 3780 euertere
1147 3741 1286 3791 succensa,
1306 3727 1383 3780 dedit
1401 3730 1589 3782 ‹emeretissimo
1609 3732 1702 3798 nepoti
1716 3746 1767 3786 suc

90 3823 146 3876 lteo
161 3820 287 3891 placebat
298 3833 347 3889 pro
363 3819 443 3873 bonae
458 3819 717 3886 intentionisoculo,
729 3820 803 3891 quod
815 3820 895 3876 aetiam
951 3821 1093 3887 increpate
1106 3817 1197 3872 crebro
1210 3821 1354 3871 memorato
1364 3820 1455 3871 entatu
1468 3818 1517 3872 snb
1528 3819 1677 3874 certatione
1689 3823 1766 3891 preio-

89 3913 136 3966 ltei
151 3910 321 3967 amatoribus
336 3908 469 3980 placuerit
482 3925 531 3978 pro
555 3909 635 3963 bonae
651 3911 768 3965 notionis
782 3912 894 3979 sturlio;
946 3919 1014 3987 pretet
1029 3919 1166 3988 praepetes
1180 3918 1225 3969 en·
1257 3916 1405 3984 notataque
1425 3917 1499 3971 detis
1527 3919 1619 3984 praba
1639 3918 1765 3986 tonaliter

88 4011 116 4060 et
135 4005 181 4076 qui
203 4001 353 4058 bonisorat
367 4009 473 4056 amatus
487 4008 513 4056 et
527 4001 706 4070 reuerendus,
723 4019 778 4059 non
794 4004 893 4060 mirum
945 4007 1093 4060 ‹terreamat
1121 4008 1150 4059 in
1180 4007 1309 4060 comitatu
1343 4006 1510 4069 tVastennco,
1543 4007 1625 4061 villas
1659 4010 1766 4063 seilicet

89 4096 164 4169 quod
180 4094 324 4151 contrariis
353 4095 386 4129 ⁷¹¹
418 4096 474 4150 [teo
494 4100 712 4163 eratsuspectus
733 4104 760 4151 et
782 4105 895 4151 contra·
948 4104 1043 4158 Nrrstei
1057 4107 1082 4156 et
1101 4101 1217 4165 Corbns,
1234 4105 1258 4155 et
1276 4102 1426 4168 ⁴teaneurt,
1444 4107 1469 4155 et
1485 4101 1603 4158 Cercetas
1621 4118 1765 4158 maerstem·

89 4188 154 4244 rius.
172 4187 538 4263 interiusergoanimarum
568 4189 718 4245 consulens
738 4191 830 4255 saluti,
849 4209 899 4247 ex·
949 4205 1096 4261 pereuntem
1112 4191 1261 4244 adeuntem
1276 4190 1525 4257 ltomeneielictom,
1543 4191 1689 4260 vittamque
1704 4192 1764 4246 lilo-

90 4277 174 4334 torius
187 4285 279 4335 autem
295 4293 440 4349 corporum
454 4278 604 4334 intendens
633 4280 749 4348 usui,ut
773 4282 897 4352 prudens
949 4288 1002 4340 tias
1035 4287 1179 4338 vocitatam
1206 4285 1356 4354 silvamque
1383 4287 1515 4352 nouerca
1543 4286 1701 4349 cecitatem,
1737 4290 1764 4340 et

88 4377 115 4428 et
130 4369 220 4428 tidelis
245 4369 440 4442 paterfamilias
468 4370 613 4444 utriusque
641 4372 762 4427 bominis
785 4374 895 4446 prospi-
909 4339 1039 4430 Duittam
1054 4373 1152 4427 ditant
1163 4378 1188 4427 et
1201 4375 1273 4429 Uret.
1293 4377 1328 4429 m
1341 4390 1464 4429 mansum
1482 4374 1566 4430 ‘renum
1579 4378 1609 4438 in
1627 4375 1699 4429 uitta
1713 4376 1763 4430 Ai-

88 4464 178 4521 ciebat
191 4464 311 4520 utilitati.
328 4464 377 4530 Qui
391 4463 481 4520 scions
509 4463 685 4520 insolentium
700 4467 832 4521 secularis
848 4482 895 4536 po
945 4465 1013 4518 taut.
1030 4463 1065 4517 lit
1088 4462 1271 4517 molendinum
1286 4479 1369 4518 unam
1385 4478 1466 4534 super
1484 4467 1597 4532 fluuium
1616 4465 1763 4519 Forrttoine

88 4555 279 4612 tentiaesolerc
294 4555 433 4610 adversari
448 4555 650 4611 aecclesiasticae
674 4557 771 4629 quieti,
802 4558 896 4613 omnin
944 4554 974 4606 iu
993 4554 1121 4606 comitatu
1140 4553 1278 4607 Lateresia-
1298 4555 1332 4607 Et
1351 4554 1486 4608 clibanum
1506 4555 1640 4624 quendam
1653 4555 1682 4607 in
1695 4553 1762 4608 aiei-

87 4662 148 4719 quae
162 4648 258 4703 beatus
273 4646 448 4718 wicbpertus
469 4647 550 4722 legali
569 4655 734 4704 testamento
749 4649 895 4723 steingare·
945 4647 1000 4697 tute
1015 4642 1080 4698 Seres
1094 4645 1263 4710 rrrrrrcupata,
1291 4656 1444 4712 perennes
1469 4644 1611 4699 solventem
1637 4643 1761 4711 stropulos

88 4746 129 4794 rat
148 4732 361 4794 commisseesibi
381 4740 514 4795 aecclesiae
529 4740 587 4806 ltci,
612 4739 762 4811 imperialis
781 4746 808 4794 et
827 4756 895 4812 apo·
945 4733 980 4787 30
994 4732 1094 4787 solidos
1104 4747 1285 4786 numitorem·
1300 4735 1336 4788 El
1354 4738 1453 4788 cortun
1468 4732 1604 4790 Herbardi
1622 4738 1650 4789 et
1667 4733 1761 4788 Cadr-

87 4826 191 4883 stolicae
204 4843 303 4882 manns
329 4827 522 4899 astipulatione
543 4827 606 4884 iecit
622 4828 821 4899 perpetualiter
833 4844 895 4884 cor·
945 4829 1027 4880 rade.
1042 4824 1177 4881 Similiter
1190 4822 1362 4894 inJcomitotu
1376 4826 1516 4897 Stampais
1528 4830 1624 4884 uittam
1639 4828 1762 4891 Matrem

88 4917 222 4973 roborari.
238 4917 310 4983 Quas
323 4923 412 4973 eorl-as
432 4933 486 4973 non
503 4917 595 4989 pigent
606 4917 792 4983 tricinserere,
809 4926 895 4974 utens
945 4915 1056 4980 dictum,
1069 4914 1197 4968 eteillam
1211 4916 1320 4984 aitpeldi
1342 4915 1417 4972 dista
1427 4922 1488 4987 post
1502 4918 1557 4974 tue
1571 4934 1657 4991 supra
1668 4927 1762 4994 sepius

88 5002 221 5070 terraciter
235 5021 408 5084 posterorum
429 5013 658 5068 commendemus
677 5013 828 5069 memorias.
845 5014 896 5069 lm·
943 5013 1090 5064 eaerneroto
1105 5007 1207 5063 diuinae
1225 5011 1416 5079 irupirute'onis
1430 5014 1461 5066 in
1473 5027 1504 5066 ea
1518 5016 1604 5082 mapis
1623 5030 1656 5070 oa
1668 5021 1761 5086 monis

86 5106 198 5177 portatis
212 5122 278 5183 ergo
295 5113 369 5163 carra
383 5114 424 5163 est
437 5107 596 5177 hujusmodi
612 5126 618 5163 :
944 5101 1074 5152 crescente
1088 5096 1229 5151 clementie
1250 5101 1441 5155 monoclerum
1463 5102 1646 5172 nrultipticare
1663 5106 1761 5163 uidens

121 5199 148 5254 6.
177 5201 333 5256 innomine
361 5201 466 5256 domini
485 5202 534 5255 ltei
556 5205 580 5256 et
613 5202 763 5258 saluatoris
789 5203 891 5257 oeterrri.
945 5203 1101 5265 cateruam,
1121 5210 1200 5267 seque
1217 5195 1311 5250 diuino
1339 5200 1498 5267 mancipans
1526 5197 1663 5270 obsequio,
1682 5201 1761 5257 dedit

762 5311 872 5366 VlllllAE
889 5308 1079 5364 lectiones.

108 5404 157 5528 ‘1⁷3⁸
171 5423 193 5461 s.
219 5407 280 5474 jam
300 5423 405 5462 erasnm
426 5410 473 5462 esi.
513 5405 735 5462 ¹⁰¹Elluinuse.
775 5407 1041 5480 ¹¹¹gratuitoccrr.
1063 5404 1181 5476 gratuite
1202 5420 1224 5458 c.
1265 5401 1480 5457 ¹¹¹contra1ius.
1519 5402 1554 5437 ¹¹²
1574 5403 1601 5458 iu
1621 5406 1759 5476 tamara.

89 5488 105 5526 a
148 5517 154 5529 .

867 5573 969 5630 norm.

123 5674 199 5744 (aab)
223 5675 371 5731 ltasbaoio.
