3720 6014
90 174 159 283 stit
588 213 732 271 ttnuuust
751 209 907 269 voutaavt
926 207 1073 266 Donasti
1093 207 1242 266 secatae.
1537 241 1539 246 ·
1694 205 1762 262 1180

87 357 186 423 mariis,
213 351 478 410 abmasecundaric
503 350 559 405 dici
573 352 670 420 potest.
693 345 832 404 immeriti
859 359 893 400 ea
905 343 1017 416 Aleum
1033 342 1062 398 in
1076 342 1194 400 ecclesia
1217 343 1306 399 Beate
1327 341 1429 409 itariae,
1454 357 1516 416 qnae
1527 341 1587 412 jam
1610 355 1663 412 per
1677 338 1761 395 bien-

86 448 238 513 Adelberto,
254 444 420 511 adrevaldo,
434 442 462 500 S.
478 442 568 499 Odone
582 441 688 507 abbate,
699 439 814 509 aliisque
827 451 894 507 pro·
944 432 1021 487 nium
1035 431 1078 487 sui
1093 431 1228 488 mansoris
1240 431 1385 503 praesentis
1398 440 1534 488 caruerat.
1551 431 1633 488 Unde
1657 432 1762 486 stutue-

86 539 187 606 scrtur,
206 537 337 591 nimirum
362 533 506 589 tumulatio
532 531 561 588 S.
576 530 715 587 Benedicti
732 529 763 584 in
781 526 896 582 basilica
944 529 1008 580 runt
1016 525 1145 597 episcopi,
1161 527 1210 595 qni
1224 526 1266 580 rei
1274 530 1353 594 peste
1361 527 1558 594 interfuerunt,
1576 527 1610 580 ut
1623 520 1762 595 quoniam

85 626 191 683 Sancta
201 625 297 680 Mario
313 624 357 678 die
375 638 401 678 vv
427 621 577 678 Decembris
600 618 684 686 sorta.
706 619 810 688 Quippe
834 629 894 670 cum
945 615 1041 672 relatio
1061 623 1090 673 et
1102 616 1190 672 illatio
1200 615 1300 672 ecdem
1315 616 1360 672 die
1375 631 1448 672 anno
1462 617 1592 673 resoluto
1606 613 1693 670 iactae
1703 611 1765 668 ine·

86 716 115 774 S.
130 715 266 772 Benedicti
284 729 381 785 eorpus
403 729 437 768 en
455 716 542 769 monle
563 711 660 767 Casino
687 710 850 765 translatum
864 708 895 762 in
942 711 1005 761 rant
1025 704 1168 762 annuatim
1183 705 1260 762 omni
1279 711 1403 778 tempore
1422 703 1507 762 futuri
1527 704 1581 761 aevi
1596 701 1767 760 solemniter

86 813 281 866 menatenam
295 810 471 876 sessiacense,
486 807 531 862 an
545 824 564 861 ιι
578 807 646 863 rurs
660 808 690 861 sa
703 804 853 860 cratonum
863 801 892 858 s.
944 792 1044 850 eodem
1058 793 1104 849 die
1120 810 1169 865 pn
1182 800 1266 851 ioum
1281 793 1394 849 Guttam
1409 794 1610 851 celebraretur.
1639 793 1766 863 nemque

87 900 163 956 Petri
171 900 321 971 depositum
334 900 447 967 fuissem
468 899 498 952 in
511 911 540 952 eo
566 896 665 952 tandiu
681 895 793 961 mansit,
811 892 896 948 donec
944 902 973 942 m
996 886 1086 943 codem
1114 886 1182 944 libro
1201 886 1274 942 idem
1297 889 1392 942 auctor
1411 885 1499 942 tradit
1529 885 1766 942 cnmtomarmum

87 1005 164 1045 sacro
181 990 289 1061 corpori
306 1004 428 1057 congruo
437 987 511 1043 sedes
525 988 556 1041 in
569 987 679 1041 ecclesia
688 985 718 1041 S.
737 985 832 1040 biario
843 997 895 1053 po·
946 977 1036 1049 (quem
1051 977 1219 1046 sigebertum
1242 991 1294 1048 per
1319 990 1435 1032 errorem
1448 974 1587 1046 nominat)
1607 977 1676 1045 post
1698 975 1765 1028 nune

88 1087 205 1150 raretur,
225 1083 273 1138 ubi
287 1081 396 1137 tandem
419 1079 577 1136 collocatum
595 1080 681 1147 tuisse
693 1076 783 1149 pridie
806 1075 897 1131 Nonas
945 1070 1102 1125 relationem
1123 1071 1237 1125 missurn
1255 1083 1311 1125 csse
1333 1071 1362 1124 in
1383 1067 1496 1135 (lollius,
1524 1067 1563 1124 od
1580 1066 1765 1139 repetendum

88 1173 250 1230 Decembris
262 1177 359 1228 namot
371 1172 531 1228 Adelbertus
544 1171 701 1236 munacius,
713 1173 737 1223 et
751 1169 896 1224 Aimoinus
946 1173 1042 1229 colvile
1068 1159 1096 1216 S·
1115 1158 1261 1224 3111111111,
1281 1159 1354 1229 quod
1370 1160 1609 1229 0111111111111111
1630 1157 1766 1224 1111111111

87 1271 149 1340 post
163 1270 270 1323 eumin
281 1267 370 1322 libello
382 1267 602 1322 Detranslntione
612 1265 641 1321 S.
656 1263 804 1320 Benedicti.
813 1264 897 1317 Porro
947 1259 993 1312 sit.
1013 1255 1073 1311 Hac
1092 1256 1265 1312 Diedericus:
1284 1255 1362 1326 cujus
1383 1254 1463 1324 idem
1489 1255 1540 1310 bac
1554 1256 1588 1309 in
1605 1268 1637 1309 re
1659 1253 1766 1308 skamai

91 1360 281 1417 tumulationis
296 1376 343 1417 seu
362 1359 547 1432 depositionis
564 1359 593 1414 S.
610 1356 746 1413 Benedicti
759 1356 900 1411 dictabas
948 1351 1019 1408 Socii
1031 1351 1208 1409 Bollandinni
1221 1354 1251 1405 in
1271 1365 1319 1407 suo
1334 1350 1440 1417 ilartio,
1456 1351 1505 1405 ubi
1529 1365 1562 1405 eo
1580 1365 1646 1421 qum
1658 1349 1695 1404 de
1717 1349 1765 1404 liae

90 1455 158 1522 dies,
171 1455 205 1510 ab
220 1459 375 1524 obtempera
389 1452 520 1508 celebrata
532 1454 570 1506 est
585 1454 642 1505 tum
658 1451 784 1514 Blariaei,
800 1453 856 1504 lum
869 1451 899 1504 in
948 1444 1070 1498 illatione
1079 1442 1236 1515 aDiederico
1247 1443 1414 1510 reseruntur,
1424 1445 1679 1512 pretermiserunt,
1691 1439 1765 1513 quis,

90 1545 229 1616 plerisque
250 1545 347 1602 Gallim
360 1544 542 1608 maransleriis,
559 1546 588 1597 ut
601 1545 694 1596 auctor
707 1544 747 1596 cst
761 1540 898 1597 Adreaal-
948 1538 1088 1607 inquiunt,
1107 1534 1167 1591 sere
1182 1534 1373 1591 commentitia
1391 1538 1465 1601 sunt,
1487 1540 1514 1589 et
1529 1533 1606 1606 apud
1625 1532 1766 1588 ioannem

90 1633 142 1688 dus
156 1636 185 1688 in
199 1633 268 1687 libro
286 1636 323 1688 De
336 1632 488 1698 miraculis,
501 1646 562 1700 cap.
580 1630 633 1685 Bi:
650 1629 779 1685 Solemne
799 1628 897 1684 festum
912 1674 936 1743 B
950 1629 1075 1685 Boscium
1098 1628 1153 1701 legi
1173 1634 1299 1699 possunt,
1327 1629 1445 1683 contenti
1457 1627 1579 1698 simplici
1595 1629 1769 1698 expositione

92 1721 280 1792 impendebat,
293 1722 393 1791 inquit,
409 1719 497 1774 sancti
512 1718 679 1775 confessoris
694 1717 792 1773 Christi
809 1718 899 1774 Bene·
948 1727 1048 1793 qenins·
1066 1724 1195 1780 miraculi
1210 1722 1244 1779 de
1258 1724 1344 1792 plaeie
1363 1723 1412 1778 sub
1437 1738 1550 1793 corpore
1571 1723 1669 1779 sancti
1683 1724 1768 1778 Bene·

91 1811 168 1878 dicti,
183 1810 257 1883 quod
275 1825 308 1865 ex
320 1809 405 1866 reteri
426 1809 628 1867 consuetudine
641 1809 791 1881 quotannis
808 1808 898 1880 pridie
949 1817 1017 1872 diem
1030 1816 1101 1872 ultro
1122 1816 1221 1882 solata,
1250 1822 1275 1871 er
1295 1815 1328 1871 ds
1351 1815 1493 1871 arboribus
1516 1816 1727 1886 “appennius
1740 1817 1769 1869 in

91 1907 228 1961 Nonarum
242 1905 434 1962 Decembrium
447 1905 547 1980 agitur,
573 1921 628 1977 quo
652 1913 806 1960 conventus
829 1904 900 1960 mul·
949 1912 1035 1980 flores.
1054 1906 1133 1974 Quod
1158 1909 1247 1961 lemen
1268 1909 1413 1976 utrumque
1441 1906 1497 1960 sibi
1516 1912 1688 1976 suspectum
1718 1920 1771 1960 esse

91 2005 181 2053 torum
192 1998 358 2069 populorum
384 1997 420 2054 ob
445 1998 512 2053 tanti
537 1997 697 2054 memoriam
722 1998 809 2054 Patris
834 2013 902 2055 con·
950 1999 1073 2065 fatentur
1092 1999 1123 2050 in
1137 1995 1359 2052 adnotationibus
1377 1995 1413 2050 od
1430 1995 1586 2051 Adreooldi
1615 1994 1722 2050 libanam
1738 1998 1773 2051 De

92 2090 178 2146 liuere
193 2089 361 2146 monasterio
375 2089 456 2146 solet.
484 2093 520 2146 Et
541 2096 651 2146 sanctus
674 2091 751 2147 Oddo
765 2091 849 2146 abbas
872 2092 904 2145 in
951 2087 1090 2142 miraculis
1109 2087 1199 2141 sancti
1212 2084 1361 2152 Benedicti,
1376 2099 1450 2139 num.
1466 2083 1512 2140 rs.

91 2194 211 2235 sermone
233 2178 267 2233 de
291 2183 384 2234 sancto
410 2178 549 2233 Benedicta
569 2181 628 2247 cpit
654 2178 688 2233 de
709 2184 804 2234 sancta
828 2177 903 2233 illius
988 2180 1015 2235 l.
1034 2181 1134 2235 Verum
1156 2179 1299 2248 sequiorem
1320 2180 1360 2245 (ut
1374 2191 1485 2249 sperare
1505 2176 1579 2241 licet)
1602 2180 1772 2233 senientiam

91 2269 281 2336 translatione,
297 2284 409 2325 necnon
423 2277 450 2324 et
460 2269 655 2336 tumulatione,
670 2286 732 2340 qum
750 2272 788 2325 sic
801 2269 905 2325 divini·
951 2270 1021 2336 seret
1033 2269 1153 2339 prudens
1166 2268 1256 2334 ector,
1283 2269 1309 2323 si
1326 2267 1473 2322 attenderit
1488 2281 1543 2322 non
1559 2267 1652 2323 solnm
1677 2268 1773 2324 Diede·

93 2368 136 2415 tas
148 2375 209 2416 esse
224 2360 369 2433 disposita,
385 2361 471 2416 multa
485 2360 628 2436 signorum
644 2368 708 2416 suat
722 2362 901 2418 documenta.
951 2365 1037 2419 sicum
1048 2364 1119 2419 banc
1131 2363 1264 2418 illationis
1277 2363 1420 2418 historiam
1439 2363 1537 2418 litteris
1552 2362 1715 2434 mandmse,
1726 2364 1773 2420 sed

90 2456 123 2510 iu
136 2455 279 2512 Ciorterio
295 2457 498 2523 patriciacensi,
514 2456 589 2527 quod
600 2457 751 2527 Steplsunus
765 2455 901 2512 derordus
951 2456 1031 2509 etiarn
1050 2452 1199 2519 liudulfum
1207 2454 1374 2519 Baeturiam,
1387 2456 1496 2507 Petrum
1507 2452 1638 2508 abbatem
1655 2453 1772 2511 clunic·

93 2544 123 2597 in
133 2543 289 2598 collectione
298 2549 527 2598 monumentorum
537 2545 702 2612 Barpandioe
710 2545 807 2612 edidit,
817 2546 901 2616 liujus
950 2559 1062 2610 oensem,
1085 2543 1270 2600 Venerabilem
1293 2541 1407 2610 dietum,
1433 2542 1681 2613 cbronopraplsum
1706 2544 1770 2600 Blo-

91 2634 157 2700 sesti
174 2635 317 2703 pimenio
334 2637 364 2689 iu
386 2636 489 2690 ciariis
503 2635 549 2701 eu,
569 2635 604 2692 32
618 2642 643 2693 et
659 2637 704 2704 Bb,
719 2638 765 2693 ubi
787 2643 902 2693 uocatur
950 2641 1097 2696 riaccnsem
1111 2637 1185 2708 opud
1198 2637 1342 2695 dicsnium
1357 2638 1437 2693 initio
1447 2637 1646 2694 historicorum
1669 2639 1771 2697 Norti-

93 2720 270 2778 missnsancti
287 2723 428 2779 Benedicti
443 2739 504 2796 quae
515 2731 556 2780 est
571 2725 599 2780 in
615 2741 710 2782 mense
724 2727 896 2784 Decembris.
947 2728 1249 2800 maenarummliospue
1260 2727 1357 2783 mullos
1371 2727 1459 2782 eodem
1474 2728 1688 2797 prorsusmodo
1702 2733 1775 2784 retu·

40 2830 43 2835 ’
91 2812 898 2885 111111,1111111111111111111111111111111111111111111
949 2829 1019 2884 lissa.
1036 2824 1172 2891 Bodulsus
1187 2824 1327 2879 Tortorins
1348 2823 1533 2880 cluniacensis
1548 2823 1709 2879 nannenus
1724 2824 1773 2879 sub

91 2916 175 2970 (11111
189 2901 281 2957 1111111
293 2902 454 2971 1111111111
473 2905 618 2971 1111111111·
632 2905 664 2958 11
683 2905 834 2961 0111111111
845 2908 899 2961 111Τ
949 2919 1057 2973 initium
1076 2915 1168 2970 seculi
1181 2930 1219 2968 xvv
1240 2916 1311 2968 inter
1324 2914 1382 2968 alin
1395 2915 1504 2968 metrice
1526 2913 1660 2970 reddidit
1676 2916 1772 2971 Histo-

94 2995 215 3050 lendan'c
234 2997 335 3065 scripto
355 2996 390 3050 ab
415 3000 494 3052 cursis
515 3000 686 3065 octinpentis,
709 3001 783 3069 quod
817 3002 899 3056 Libro
949 3009 1020 3062 riam
1034 3004 1221 3060 translationis
1237 3003 1357 3072 corporis
1369 3001 1396 3058 S.
1404 3003 1545 3058 Benedicti
1559 3004 1590 3058 in
1605 3004 1776 3074 Gallion,et

94 3085 232 3138 Pastorali
249 3087 278 3142 S.
309 3086 434 3155 drepani
453 3090 640 3157 premittitur,
670 3090 787 3146 liabetur
810 3091 900 3163 pridie
949 3097 1216 3166 miraculipoematis
1230 3093 1450 3151 suibecaddit:

93 3173 184 3231 Nosses
197 3174 356 3232 Decembris
374 3177 512 3248 depositio
528 3179 668 3235 Benedicti
684 3180 801 3238 abbatis.
818 3187 901 3240 Deni-
986 3185 1048 3241 Post
1061 3183 1194 3239 tumulata
1207 3183 1269 3255 pius
1288 3183 1449 3258 quagessit
1464 3184 1593 3241 membra
1618 3194 1771 3260 patronus,

94 3284 146 3338 que
162 3270 269 3337 uipebut
298 3272 386 3327 adbuc
406 3272 596 3329 tumulationis
621 3276 779 3331 vocabulum
805 3279 901 3334 soeculo
1021 3279 1084 3336 liaec
1098 3278 1181 3335 sirnni
1196 3278 1248 3334 hac
1262 3295 1317 3334 unu
1337 3294 1459 3354 congero
1475 3279 1625 3355 paginula.

93 3359 260 3429 duodecimo,
287 3366 317 3417 nt
335 3369 440 3420 constat
465 3380 498 3420 ec
513 3365 619 3436 Budelli
645 3368 765 3423 Tartesii
778 3369 848 3425 libro
863 3373 901 3426 Dc
986 3368 1118 3424 astrictus
1132 3368 1221 3443 glande
1236 3367 1316 3440 Liger
1331 3367 1430 3436 amnis,
1448 3375 1576 3441 tempore
1593 3370 1712 3428 brume

93 3457 234 3514 miraculis
247 3461 336 3514 sancti
348 3461 492 3529 Benedicti,
516 3477 577 3533 cop.
593 3462 627 3519 33
641 3467 669 3518 in
688 3465 742 3520 linc
764 3467 855 3520 uerba.
871 3467 900 3521 ln
1023 3462 1127 3517 Praebet
1141 3461 1194 3517 iter
1207 3468 1303 3518 sancto
1319 3461 1413 3518 nobile
1427 3461 1555 3536 legifero.

95 3547 183 3603 Patris
200 3549 285 3625 igitur
303 3552 486 3609 tumulatione
514 3570 575 3626 quae
591 3555 619 3609 in
649 3556 748 3612 diebus
763 3558 899 3615 Dominici
987 3557 1135 3626 lmponunt
1149 3554 1212 3610 navi
1225 3553 1286 3609 sine
1298 3553 1404 3628 remige
1419 3553 1545 3611 membra
1566 3557 1715 3634 magistri,

96 3636 236 3692 Adventus
253 3654 303 3709 per
326 3655 424 3697 omnes
443 3643 543 3698 Gallias
570 3646 711 3701 anausim
732 3663 793 3703 cum
822 3664 900 3704 revo-
1021 3644 1182 3717 Oppositum
1198 3643 1487 3716 flumenquosceatct
1501 3643 1625 3720 glaciem

96 3728 183 3783 rcntia
205 3730 348 3798 excolitur,
366 3733 474 3800 mulier,
491 3739 540 3791 etc.
557 3739 601 3791 Bar
615 3738 712 3807 quibus
727 3742 904 3810 perspicuum
990 3735 1077 3790 ilorci
1094 3734 1241 3801 Blariacus,
1262 3733 1320 3789 visu
1339 3733 1503 3805 spectabile,
1519 3735 1614 3804 vicus,

98 3823 136 3874 est
163 3822 254 3890 qualis
279 3824 366 3891 luerit
394 3825 475 3896 buius
501 3827 663 3883 celebritatis
683 3831 821 3887 institutio
843 3835 905 3903 pri·
1025 3829 1156 3886 Patrisnd
1177 3829 1331 3897 introitum,
1344 3828 1459 3885 luxerat
1474 3828 1624 3902 effugium.

97 3914 197 3967 111111·
991 3926 1059 3981 ilinc
1074 3924 1193 3996 sumpsit
1209 3914 1320 3992 nomen,
1338 3925 1418 3994 cujus
1436 3924 1488 3980 init
1506 3931 1575 3982 ante
1590 3942 1735 3986 vocamen

135 4003 161 4057 3.
187 4004 382 4061 Secundoricm
407 4010 489 4076 refert
516 4010 670 4066 Diedericus
702 4015 902 4082 licesfeldensis
1024 4019 1113 4072 turca
1129 4015 1220 4082 Vallis,
1234 4030 1267 4071 eo
1282 4014 1403 4087 quodsit
1418 4015 1528 4086 opimus
1541 4016 1644 4073 humo.

99 4092 251 4147 Germanica
276 4095 430 4159 menuctus,
450 4099 499 4167 qui
512 4099 542 4152 in
555 4099 720 4157 Blarincerui
740 4108 904 4162 nsanasterio
953 4113 1047 4165 Petrus
1063 4107 1244 4174 Venerabilis,
1267 4108 1299 4161 in
1324 4107 1423 4176 lapmno
1436 4105 1470 4161 de
1483 4092 1673 4163 translatione
1688 4112 1779 4166 sancti

98 4183 148 4238 sub
161 4185 271 4239 initium
290 4187 382 4241 seculi
393 4203 420 4242 xv
434 4186 483 4243 diu
505 4198 694 4261 romrnoratns,
713 4200 774 4265 post
788 4198 906 4254 reditum
954 4204 1099 4268 Benedicti,
1113 4202 1191 4272 cujas
1207 4202 1305 4271 bpmni
1317 4204 1348 4271 pt
1365 4203 1462 4256 mentio
1479 4203 1508 4255 in
1524 4202 1574 4258 lib.
1599 4218 1639 4270 vv,
1656 4206 1777 4276 epistola

98 4273 129 4326 in
140 4275 260 4340 putrium
273 4275 454 4344 interrogalus
469 4278 799 4348 aliqurrndooilicbardo
813 4286 906 4340 Amer-
956 4294 1001 4362 30,
1020 4297 1156 4364 geminum
1174 4294 1222 4350 trac
1243 4295 1375 4349 illationis
1395 4295 1559 4350 miraculum
1590 4302 1779 4367 representat

99 4363 206 4419 bucensi
228 4365 325 4421 nbbete
352 4383 478 4438 quaenam
501 4385 583 4426 causa
610 4372 708 4429 existat
738 4375 814 4430 illius
829 4359 944 4432 sesti-D
957 4387 999 4442 its
1012 4383 1159 4440 versibus:

99 4455 193 4510 vitatis
220 4456 371 4512 beatissimi
407 4459 494 4516 Patris
521 4465 717 4520 monachornm
751 4466 904 4534 Benedicti,
1061 4479 1143 4533 Naris
1155 4493 1205 4549 per
1218 4477 1331 4533 fluvium
1346 4485 1393 4533 nat
1407 4477 1469 4533 sina
1484 4478 1606 4551 remige.

99 4566 162 4622 quae
183 4553 256 4623 apud
282 4552 383 4608 Gallias
405 4556 546 4628 precipue
570 4559 727 4617 celebratur
753 4560 783 4616 in
805 4561 906 4618 dicbus
1061 4570 1184 4626 Birande
1195 4570 1311 4644 glaciem
1325 4570 1445 4626 dissecat
1458 4569 1576 4642 impetu,

98 4644 234 4701 Dominici
260 4647 399 4703 Adventus
424 4649 475 4704 sub
506 4652 619 4708 nomine
637 4653 779 4720 illationis,
809 4656 905 4712 condi·
1062 4665 1153 4721 sanmi
1175 4665 1299 4721 membra
1313 4664 1406 4721 serens
1420 4663 1626 4721 obviaiiumini

99 4734 183 4788 dilen
197 4734 229 4789 dc
243 4750 271 4790 re
296 4735 426 4802 libellum,
454 4739 482 4793 in
508 4754 560 4809 quo
582 4741 669 4797 tradit
692 4758 802 4798 causam
823 4743 905 4815 buius
1099 4755 1273 4812 Undasretro
1287 4754 1457 4812 reverberat.

99 4827 277 4883 solemnitatis
305 4842 360 4883 esse
381 4830 536 4886 relectionem
562 4835 682 4902 corporis
713 4837 802 4891 sancti
827 4837 906 4892 Bene-
1062 4846 1194 4901 Eductam
1210 4844 1294 4900 fluvio
1309 4845 1441 4902 sensitut
1454 4843 1542 4912 arida,

99 4917 168 4971 dicti
187 4918 291 4984 tactam
315 4934 350 4974 ec
378 4921 444 4975 urbe
463 4922 653 4979 aurelianensi
664 4943 671 4990 ;
693 4930 754 4994 post
772 4926 906 4982 clademo
1063 4935 1230 4993 Ncncurans
1248 4934 1333 5011 gelidi
1353 4933 1612 5008 frigoratemporis‚

98 5007 295 5065 Nortlnnnnnis
310 5010 416 5066 illatam
429 5015 591 5069 monasterio
609 5015 787 5086 Floriecensi,
806 5034 862 5088 qua
875 5020 907 5073 in
1064 5023 1150 5078 vestit
1164 5033 1263 5079 cuncta
1277 5023 1356 5080 novis
1375 5022 1438 5079 ilico
1456 5020 1574 5079 floribus

97 5104 228 5159 relatione
250 5106 356 5174 Diceris
376 5107 461 5175 plneie
485 5112 623 5164 concedas
640 5111 797 5168 nauiculam
818 5117 907 5169 sacris
1098 5111 1200 5167 iiutats
1215 5110 1283 5168 facie
1298 5111 1360 5168 soii.

99 5196 222 5266 reliquiis
245 5202 369 5253 onustum
388 5198 477 5255 soluto
500 5201 587 5268 abacia
608 5218 663 5272 per
686 5204 815 5260 adversas
836 5206 908 5260 aluei
959 5205 1074 5258 Tantum
1085 5204 1185 5268 airum,
1199 5202 1242 5256 uti
1255 5204 1281 5256 et
1295 5202 1463 5267 Tartarium,
1477 5199 1536 5255 solo
1554 5201 1714 5271 mederici,
1731 5206 1781 5260 lto·

99 5302 185 5358 aquas
203 5289 356 5346 Floriaenm
374 5294 518 5356 revenerit,
543 5297 568 5350 et
591 5296 700 5352 arbores
723 5299 864 5367 erupemnt
876 5299 908 5353 in
956 5298 1038 5353 minis
1055 5296 1188 5364 extranei,
1208 5297 1372 5350 auctoritate
1387 5293 1529 5349 inductum
1548 5293 1608 5350 lime
1628 5299 1781 5369 scripsisse

98 5384 188 5450 tiores,
203 5384 276 5438 unde
296 5387 463 5443 numeniaco
482 5388 629 5445 Blariacus.
652 5392 702 5446 His
717 5391 796 5446 addit
814 5406 908 5449 somus
956 5406 1011 5447 non
1026 5395 1105 5462 puta,
1120 5389 1168 5446 sed
1181 5389 1297 5444 certiora
1310 5391 1492 5456 monumenta,
1507 5402 1567 5459 φα
1583 5389 1667 5446 nobis
1678 5391 1779 5460 latent,

19 5534 31 5561 ⁸
100 5474 189 5526 suncti
206 5474 345 5531 Benedicti
361 5478 492 5548 reliquias
505 5494 534 5535 co
549 5479 593 5535 die
608 5479 637 5534 in
657 5479 749 5537 Sancti
767 5481 906 5538 Patrimo-
958 5479 989 5535 cb
1016 5479 1105 5536 aculm
1124 5479 1258 5535 habuisse.
1284 5477 1385 5533 Forsan
1412 5477 1460 5533 illo
1485 5478 1516 5532 in
1535 5476 1610 5534 libro
1636 5494 1724 5550 quem
1740 5481 1778 5536 De

101 5562 233 5626 nastasia,
254 5564 334 5620 idest
347 5571 466 5639 eccesie,
479 5575 612 5642 repositus
625 5574 721 5641 tuisse,
736 5579 762 5629 et
782 5577 909 5630 annicer-
958 5569 1079 5626 adrentu
1095 5568 1183 5625 saneti
1200 5566 1342 5624 Benedicti
1352 5566 1510 5625 beatusOdo
1523 5571 1675 5640 scripsisse
1683 5573 1780 5644 perbi-

101 5649 175 5705 sarie
194 5649 240 5704 dir
252 5661 383 5721 tenentis
397 5660 465 5716 anni
475 5661 568 5718 illatas
591 5661 620 5717 in
635 5662 776 5733 proprium
796 5677 909 5722 manso·
959 5663 1046 5732 betur,
1070 5664 1130 5733 ejus
1143 5664 1185 5720 rei
1201 5663 1301 5718 mentia
1319 5664 1386 5719 erat.
1415 5660 1501 5718 Certe.
1518 5660 1673 5720 sinamus
1695 5665 1778 5722 initio
