3720 6014
136 152 189 208 483
749 149 921 206 statuenti
942 149 1199 207 GEMBLACENSIS.
1757 142 1813 203 484

206 296 384 339 nouiuoiiuii.
458 295 631 338 rainconuii.
705 298 863 340 inoioiiuii.
957 284 1046 359 Ascli
1065 285 1390 349 cumeoremausarant,
1413 278 1487 334 idem
1513 295 1560 335 reri
1576 278 1619 336 iix
1638 279 1702 356 cogi
1719 281 1813 354 potuit

135 372 199 427 with
216 378 243 427 et
253 371 383 443 quicquid
401 370 513 426 tenebat
531 371 567 426 de
582 388 684 428 corona
706 390 767 441 sua,
793 382 821 430 et
846 391 944 430 omnes
998 386 1028 432 ut
1043 374 1197 431 recederet.
1214 372 1292 428 lluric
1303 386 1396 427 casum
1413 369 1627 427 christianorum
1644 378 1812 428 terremotus

137 469 307 524 munitiones
335 468 460 539 proprias
480 477 534 523 tam
554 469 581 523 in
608 468 787 537 llormaunia,
812 485 894 541 quam
918 467 947 521 in
997 468 1163 524 subsecutus
1185 472 1242 532 est;
1267 465 1389 521 maxime
1408 465 1436 518 iii
1464 463 1656 519 transmarinis
1672 463 1809 535 partibus.

136 555 247 628 anglia,
262 566 290 610 ct
307 573 352 612 rex
368 556 505 613 lecileuni
523 557 625 612 habere
638 558 770 630 quicquid
787 558 947 629 Stephanus
998 555 1090 613 Stolus
1103 555 1185 610 etiam
1201 553 1318 609 amiralii
1338 551 1481 608 Babilonic
1497 568 1547 623 per
1568 567 1693 608 mensem
1722 568 1808 608 unum

136 645 286 716 paterejus
302 645 399 700 habuit
412 645 438 700 iu
451 660 525 701 anuo
550 652 577 701 et
592 645 648 714 die,
663 661 718 718 quo
742 662 788 701 reri
815 646 948 702 lleiiricus
997 647 1108 704 obsedit
1124 649 1240 715 hesron,
1255 662 1318 701 cum
1336 659 1409 700 aurio
1424 645 1557 715 preterito
1572 651 1600 699 ct
1619 643 1654 699 de
1670 643 1806 700 babilone

136 751 205 790 ariis
218 736 279 806 ejus
290 736 340 793 luit
359 738 436 794 iiius
462 745 490 793 et
507 744 644 794 mortuus.
670 739 746 814 llugo
772 739 884 813 bigotus
900 753 948 794 ca·
997 746 1027 794 et
1052 738 1086 793 do
1101 738 1232 792 Damasco
1256 750 1304 790 rex
1330 734 1482 790 Jerusalem
1499 731 1642 789 habuisset
1657 732 1815 788 tributum.

137 823 218 879 stella
230 841 280 881 sua
296 825 353 900 regi
366 826 486 880 reddidit
516 826 620 882 lilortuo
636 826 775 882 ludovico
792 826 881 897 primo
896 825 946 880 ab·
997 825 1150 881 hmalricus
1162 840 1256 881 comas
1270 824 1370 894 loppa,
1385 821 1469 877 irater
1483 821 1556 895 regis
1572 821 1710 886 Balduini,
1733 821 1809 877 duxit

138 912 201 968 bate
225 912 320 968 Sancti
336 914 443 989 Georgii
468 914 611 970 Baucheiii
629 914 694 970 ville
715 915 795 986 (627),
815 912 949 970 successit
999 919 1083 976 liliam
1099 917 1242 975 Gosoelcni
1258 916 1292 972 dc
1311 915 1475 982 Toriaissel,
1490 915 1538 987 qui
1551 915 1690 988 quondam
1709 915 1808 980 iuerat,

138 1003 165 1058 ei
192 1003 292 1070 Victor,
333 1006 485 1061 monachus
522 1006 613 1061 Sancti
652 1006 777 1062 Victoris.
815 1005 949 1078 hogerius
999 1023 1145 1087 antequam
1180 1030 1240 1069 nani
1264 1011 1381 1086 rigareni
1408 1010 1548 1084 cepissent
1581 1025 1676 1067 comes
1708 1010 1809 1085 tinges,

138 1098 247 1170 Aquila,
268 1099 309 1155 vir
332 1100 479 1172 religiosus
501 1117 532 1156 ac
552 1100 653 1156 timeus
671 1102 769 1168 licum,
798 1099 949 1156 monachus
999 1121 1080 1177 quam
1105 1102 1230 1159 moderni
1258 1117 1333 1158 nuuc
1351 1100 1454 1156 lloliais
1472 1107 1580 1157 vocant.
1602 1098 1738 1156 henricus
1763 1114 1811 1154 rex

140 1186 339 1256 cluniacensis,
361 1192 448 1247 lactus
464 1201 508 1246 est
526 1191 612 1246 abbas
637 1192 731 1248 Sancti
755 1191 879 1246 audoeni
894 1189 948 1246 llo·
998 1195 1105 1269 anglie,
1120 1192 1252 1263 subjectis
1266 1191 1301 1247 ad
1314 1190 1425 1246 libitum
1439 1187 1629 1256 walensibus,
1646 1195 1674 1245 et
1697 1187 1811 1244 restitu-

138 1277 531 1352 lh⁰¹¹¹flg⁰ss⁵i⁸sfseh0ri0⁸0
554 1281 718 1336 demittente
743 1278 947 1352 proplerinfir·
999 1286 1034 1341 tis
1052 1285 1132 1341 terris
1161 1281 1364 1339 munitionibus
1387 1280 1539 1336 baronibus
1558 1280 1627 1347 suis,
1645 1295 1715 1351 quas
1745 1285 1812 1334 tem·

136 1366 260 1423 mitatem
283 1369 327 1424 ⁸⁰³.
356 1368 480 1425 Ferricus
506 1386 599 1426 comes
620 1371 797 1426 Flandrensis
828 1379 855 1426 et
879 1385 948 1426 uxor
999 1393 1066 1450 pore
1087 1376 1221 1449 Stephani
1250 1374 1322 1446 regis
1343 1373 1649 1443 Walausessupereos
1667 1378 1811 1442 ceperant,

134 1455 206 1526 elffii
223 1457 307 1511 θῐῐιῑῑᾶ
324 1457 432 1513 ”enrici
444 1459 517 1532 legis
531 1459 691 1531 Asssslfflumi
708 1458 945 1530 Feslelelussllss·
994 1471 1138 1543 extirpatis
1153 1469 1314 1526 nemoribus
1335 1476 1363 1523 et
1382 1467 1434 1522 viis
1449 1466 1602 1538 patefactis,
1619 1472 1740 1521 castrum
1758 1464 1811 1520 llo·

133 1546 266 1614 rasilem.
293 1556 321 1602 n
335 1548 499 1603 dimiserunt
525 1549 683 1622 Philinum
707 1549 794 1606 iritum
815 1565 896 1605 saum
917 1555 944 1604 et
994 1560 1434 1627 relenthrmarit,eideditillud
1450 1559 1558 1634 liugom
1575 1558 1809 1629 ieueiioaampn

133 1645 220 1694 iotam
235 1647 335 1696 ianam
346 1658 424 1697 sunm
436 1643 463 1696 in
479 1659 565 1698 manu
582 1643 689 1699 tierrici
701 1643 775 1719 regis
783 1642 943 1718 angiorum.
958 1615 1023 1710 Bai
1038 1653 1112 1709 aliun
1127 1660 1259 1717 castrum,
1286 1649 1390 1706 scilicet
1417 1648 1646 1723 hasingewerche
1675 1645 1751 1714 iacti,
1781 1652 1811 1701 ei

132 1729 212 1786 Circa
221 1730 396 1788 festivitatem
412 1734 498 1789 sancti
511 1735 647 1791 iohannis
669 1735 790 1805 baptiste
810 1751 856 1791 rex
874 1735 946 1790 lleu-
996 1742 1137 1797 interduo
1154 1742 1205 1797 hec
1220 1746 1309 1795 castra
1328 1754 1409 1794 uuam
1426 1738 1538 1793 domum
1553 1734 1689 1791 militibus
1698 1733 1809 1806 templi.

135 1820 208 1877 ricus
223 1824 379 1895 preparavit
393 1825 538 1880 maximam
553 1825 773 1898 expedicionem,
794 1827 831 1882 ita
846 1833 876 1881 ut
891 1826 946 1881 duo
997 1834 1090 1890 nense
1104 1832 1260 1906 Septembri
1274 1838 1355 1887 natus
1385 1839 1427 1885 esi
1443 1829 1560 1885 ilenrico
1580 1828 1639 1903 regi
1660 1826 1810 1903 bogiorum

135 1913 237 1970 milites
251 1917 286 1972 de
304 1924 361 1972 totu
376 1918 471 1993 Anglia
494 1919 610 1975 tercium
638 1927 775 1990 pararent,
799 1920 833 1975 ad
853 1919 947 1991 oppri·
998 1923 1082 1991 silius,
1100 1932 1128 1980 et
1139 1930 1252 1980 iocatus
1267 1929 1308 1978 eat
1321 1920 1475 1977 Richardus
1489 1919 1532 1974 ⁸⁰⁶.

135 2004 267 2058 mendum
283 2004 707 2061 cuniensesiarraainnrin‘.
725 2007 943 2080 higarcniciii·
1034 2017 1111 2072 1158,
1186 2014 1403 2071 fredericiani.
1479 2008 1690 2068 iunontcastl.

134 2100 219 2150 tatem
233 2095 376 2152 illmariam
392 2097 419 2152 in
436 2097 564 2169 Hispania
579 2116 665 2172 super
675 2099 853 2164 christianos,
863 2114 946 2171 quam
1309 2103 1447 2158 henricus
1467 2100 1493 2157 3.

134 2180 294 2247 amiserant,
312 2182 458 2239 obsidione
477 2186 829 2242 eumnounulliscastellia
847 2186 947 2241 iterum
1035 2199 1196 2257 fredericus
1222 2198 1372 2270 imperaror
1399 2197 1623 2260 minumum,
1656 2200 1720 2265 posi
1756 2209 1808 2265 pa.

133 2281 278 2343 “ieiumi
299 2271 393 2347 fuli³²⁰
408 2273 535 2331 Assf⁰F⁸l⁰
552 2276 717 2349 i“illesamre
741 2277 942 2348 Hispaniarum·
993 2291 1059 2348 solia
1070 2289 1142 2362 <628l
1158 2288 1296 2344 transiens
1313 2287 1405 2359 hlpeS,
1421 2285 1531 2342 obsedit
1546 2285 1643 2340 urbem
1666 2283 1809 2339 nobilissi-

135 2363 207 2421 llois
220 2364 308 2437 ipsius
321 2367 496 2437 imperatoris
510 2370 658 2426 subsecuta
684 2380 726 2427 est
741 2388 790 2442 pre
806 2371 902 2427 dolore
918 2379 946 2427 et
994 2399 1067 2438 mam
1091 2381 1336 2444 Mediolanensem,
1361 2386 1389 2434 et
1417 2384 1478 2448 post
1496 2377 1606 2451 longam
1632 2375 1808 2432 obsidionem

133 2456 238 2527 PUdOFF
252 2457 378 2524 eiusdem
404 2458 479 2530 luge,
500 2469 528 2515 0¹
542 2460 681 2517 discordia
694 2463 766 2518 inies
784 2461 857 2518 fili⁰⁵
880 2477 946 2519 δῦθι
995 2475 1101 2531 reddita
1116 2474 1185 2529 urbe
1201 2478 1229 2528 et
1242 2469 1390 2527 obsidibus
1410 2468 1481 2525 datis
1501 2469 1585 2541 (sepi.
1615 2468 1653 2535 8),
1674 2467 1812 2539 prooessit

134 2546 204 2602 lacta
219 2555 270 2603 est.
288 2549 418 2619 Deposito
438 2550 569 2607 notberto
599 2551 699 2609 abbate
719 2554 893 2611 Cluuiacensi
917 2560 946 2610 et
996 2564 1113 2621 ulterius
1127 2563 1161 2618 nd
1182 2559 1406 2632 oppressionem,
1430 2558 1454 2613 si
1470 2565 1565 2630 posset
1582 2557 1716 2613 willermi
1737 2557 1811 2632 regis

134 2639 450 2696 ¹¹¹⁰Fl¹1001800558511l⁸
467 2643 495 2697 ἰΰ
510 2643 619 2700 reddiit
636 2662 651 2700 ἃ
668 2647 764 2713 ¹¹⁰fflfli
776 2646 852 2720 ³⁰30
870 2647 946 2719 prior
996 2655 1100 2712 Sicilie.
1122 2653 1233 2710 llloituo
1249 2651 1356 2707 Senche
1371 2667 1437 2726 rege
1457 2649 1660 2722 llispaniarum,
1674 2649 1814 2706 suecessit

137 2728 319 2786 claustrensis
333 2729 421 2787 lactus
440 2740 481 2788 est
492 2732 579 2789 abbas
594 2735 835 2792 Cluuiacensislll.
995 2743 1022 2799 ei
1033 2742 1106 2798 silius
1120 2758 1197 2808 suus,
1214 2747 1294 2796 natus
1310 2756 1343 2794 eii
1358 2738 1414 2794 filia
1430 2739 1522 2794 Garsie
1539 2738 1612 2813 regis
1627 2737 1810 2794 Naiarorum.

136 2821 234 2894 Raptis
247 2824 372 2894 indutiis,
398 2843 453 2899 que
473 2835 553 2884 eraut
567 2829 639 2886 inter
663 2830 827 2888 balduinum
850 2848 943 2904 regem
996 2833 1109 2891 Moritur
1124 2834 1206 2889 etiam
1221 2830 1368 2888 Gaulridus
1378 2829 1604 2901 archiepiscopus
1615 2828 1810 2905 Burdegalen-

134 2912 288 2970 Jerusalem
304 2925 332 2971 et
353 2915 451 2973 bodari
480 2918 567 2974 lilium
590 2920 723 2995 Sanguin,
756 2937 849 2996 regem
870 2921 947 2977 llala·
997 2923 1046 2990 sis,
1061 2922 1104 2978 vir
1119 2922 1265 2999 religiosus
1285 2929 1313 2977 et
1326 2920 1404 2976 verbi
1419 2920 1468 2975 liei
1497 2919 1648 2976 seminator
1667 2918 1808 2994 egregius.

136 3005 207 3076 pria,
221 3015 334 3078 propter
349 3009 461 3079 predam
482 3009 707 3076 Sarracenorum‚
722 3030 804 3085 quam
824 3029 871 3069 rex
886 3013 949 3069 Bul·
960 2981 985 3050 C
998 3011 1121 3067 Decessit
1140 3011 1338 3067 nichilominus
1352 3009 1500 3065 letbaldus
1520 3010 1670 3081 opiscopus
1689 3006 1810 3063 Parisin-

134 3099 237 3156 duiuus
250 3101 405 3159 inconsulte
418 3112 541 3176 ceperat,
559 3106 660 3181 pagani
684 3107 855 3164 obsederunt
883 3107 947 3163 civi·
997 3101 1100 3158 censis.
1117 3102 1148 3156 lii
1173 3101 1320 3158 lestiiitatc
1336 3100 1423 3156 sancti
1437 3099 1572 3156 lobannis
1597 3098 1715 3171 baptiste
1732 3099 1808 3154 lleu-

135 3196 217 3246 tatem
246 3179 393 3261 abilinam,
423 3210 478 3266 que
492 3195 646 3267 antiquitus
666 3197 748 3267 dictu}
761 3197 813 3254 luit
833 3197 948 3255 Cesarea
997 3193 1071 3248 ricus
1090 3207 1137 3247 rex
1151 3191 1299 3265 inpiorum
1312 3189 1476 3246 militaribus
1496 3189 1580 3244 armis
1599 3187 1719 3244 accinxit
1732 3185 1807 3258 apud

134 3282 252 3354 Philippi
268 3290 296 3338 et
310 3299 410 3340 omnes
431 3285 507 3341 vicos
536 3286 734 3344 destruxerunt
754 3297 847 3360 preter
869 3290 945 3362 prin·
995 3279 1105 3337 carluid
1121 3279 1294 3336 willermum
1309 3279 1396 3335 filium
1411 3278 1483 3352 legis
1510 3276 1655 3348 Stephani»
1675 3276 1807 3332 mitem

135 3375 251 3447 eipalem
268 3376 463 3433 munitionem.
484 3377 538 3434 Sed
553 3379 673 3437 tamdem
699 3382 945 3440 adventuriiihce
995 3374 1227 3433 Moriloniielde
1244 3374 1393 3440 Warennn,
1421 3390 1503 3446 quem
1533 3372 1695 3428 comitatum
1723 3369 1809 3426 habel

134 3469 225 3525 erucis
239 3477 266 3525 ct
280 3469 401 3525 exercitu
421 3469 650 3541 christianorum,
678 3474 877 3531 recedentibus
896 3491 946 3546 pa·
996 3474 1110 3539 propter
1123 3465 1209 3522 filiam
1226 3466 1361 3523 Willermi
1383 3465 1492 3521 comitis
1505 3464 1539 3520 de
1561 3464 1710 3531 warenna,
1724 3477 1809 3535 (lum

136 3556 256 3632 ganisad
274 3564 394 3628 tempus,
411 3557 509 3614 iterum
523 3567 668 3628 venerunt,
684 3568 712 3617 et
727 3579 819 3636 regem
834 3562 947 3618 Baldui-
996 3555 1119 3610 duxerat.
1140 3554 1190 3620 Qui
1206 3553 1364 3610 Willermus
1382 3559 1507 3610 mortuus
1537 3551 1626 3608 iuerat
1644 3552 1672 3607 iii
1693 3550 1811 3635 expedi·

136 3658 212 3712 uum,
232 3645 279 3717 qui
292 3645 349 3713 jam
370 3645 464 3717 copias
479 3648 520 3703 sui
536 3649 675 3705 exercitus
689 3650 843 3716 dimiserat,
861 3651 945 3706 nichil
996 3645 1072 3702 tione
1082 3642 1305 3700 ierosolimitana
1318 3643 1436 3714 ⁶⁰².(Jnl.
1449 3639 1754 3713 tdlgldortuossaulrido
1766 3653 1810 3696 oo·

136 3733 229 3788 minus
242 3749 324 3804 quam
341 3733 457 3790 insidias
471 3742 640 3807 sperantem.
659 3736 814 3808 inparatum
828 3739 947 3795 invene·
996 3738 1064 3792 mite
1079 3736 1258 3804 Nannetensi,
1272 3735 1356 3792 lintre
1372 3735 1482 3791 henrici
1495 3733 1569 3809 regis
1584 3732 1693 3808 anglia,
1709 3747 1807 3788 meuse

137 3827 217 3879 runt:
247 3831 275 3877 et
297 3823 442 3880 trucidatis
457 3827 551 3883 multis
575 3844 607 3883 ex
623 3827 759 3884 militibus
775 3828 881 3900 templi,
897 3830 945 3901 qui
996 3828 1080 3892 lulio,
1095 3827 1230 3884 llenricus
1245 3844 1292 3883 rex
1311 3842 1407 3882 meuse
1424 3827 1547 3903 Augusto
1567 3822 1756 3881 transfretavit
1778 3823 1808 3879 in

171 3990 326 4049 ⁸⁰⁸mortuo
368 4022 404 4032 -
437 3993 537 4050 iulinn.
566 3997 663 4052 desunt
696 3999 741 4054 8b.
771 3999 819 4055 8b.
873 4000 908 4036 ⁶⁰⁸
923 4001 1031 4057 Abhinc
1069 4002 1099 4055 iii
1129 3999 1158 4064 ll,
1200 4015 1299 4056 monna
1336 4001 1404 4065 olio,
1433 4003 1459 4053 et
1494 4001 1678 4053 atramentum
1714 3999 1808 4052 mina·

135 4067 190 4119 tur.
254 4062 289 4098 ⁸⁰⁸
303 4063 433 4134 Deposito
460 4096 492 4106 -
524 4066 601 4122 Clun.
636 4070 734 4126 desunt
762 4070 809 4127 8b.
858 4076 887 4128 nt
923 4087 978 4127 non
1003 4071 1050 4127 8b.
1124 4071 1302 4126 ⁸⁰⁶desi'niint
1339 4070 1416 4135 codd,
1442 4068 1485 4126 3a.
1513 4067 1559 4124 3b.
1615 4067 1649 4103 ⁸⁰⁷
1663 4069 1727 4123 Post
1752 4067 1808 4122 line

136 4132 183 4188 8b.
211 4133 304 4188 addit:
334 4135 413 4191 Aurio
448 4138 482 4191 ab
522 4138 713 4196 incarnatione
754 4142 861 4198 Domini
892 4142 969 4198 tini.
1007 4143 1048 4197 15.
1080 4141 1136 4198 tini.
1167 4142 1254 4204 tulii.
1290 4140 1426 4213 prooessit
1458 4145 1610 4197 conventus
1652 4153 1716 4193 cum
1758 4138 1808 4193 ab·

137 4204 200 4260 bate
215 4220 266 4286 suo
282 4204 417 4262 llichardo
430 4206 464 4262 de
483 4208 627 4265 Blosevilla
648 4228 663 4265 ii
689 4213 792 4269 llortuo
813 4213 892 4277 mari,
912 4214 1013 4269 missus
1037 4229 1053 4268 a
1081 4214 1174 4269 donno
1204 4212 1354 4284 Stephano,
1379 4219 1445 4267 tuuc
1466 4211 1567 4267 abbate
1585 4209 1684 4266 llortui
1710 4207 1807 4276 maris,

137 4282 164 4331 et
178 4283 256 4330 uenit
282 4276 310 4331 iu
331 4277 403 4332 huiic
422 4277 511 4334 locum
528 4281 575 4353 qui
590 4281 692 4338 dicitur
719 4283 827 4350 Botum,
851 4284 933 4340 situm
957 4285 986 4340 iu
1005 4284 1143 4340 territorio
1173 4282 1397 4354 llothomagensi.
1430 4281 1522 4337 blultis
1537 4297 1658 4353 namque
1677 4278 1809 4350 precibus

137 4344 257 4402 hlotildis
271 4346 440 4419 imperatrix,
456 4349 513 4406 iilia
528 4351 618 4426 Magni
652 4354 762 4410 ilenrici
788 4356 862 4431 regis
875 4354 971 4431 anglie
997 4362 1025 4410 el
1052 4362 1140 4410 mater
1158 4353 1274 4409 illustris
1299 4353 1409 4409 lleurici
1433 4353 1506 4426 regis
1521 4350 1659 4479 »infidas
1680 4350 1808 4476 Kredioto

137 4417 408 4501 Stephaiioabbate'
426 4419 525 4501 hlortui
558 4423 642 4479 maris
670 4424 803 4493 obtinuit,
825 4433 855 4482 ul
878 4433 1031 4482 conventus
1068 4426 1132 4481 inde
1159 4425 1313 4481 mitteretur
1340 4425 1375 4480 ad
1415 4431 1564 4480 construeu
1587 4438 1629 4477 am
1663 4421 1808 4478 abatiam

139 4488 327 4546 cisterciensis
349 4491 468 4556 ordinis,
485 4494 519 4549 ad
539 4494 648 4550 laudem
664 4502 691 4552 et
715 4496 849 4553 honorem
876 4497 923 4552 liei
951 4504 979 4553 et
1005 4497 1084 4552 beate
1115 4495 1199 4551 llarie
1225 4496 1407 4566 omniumque
1434 4502 1591 4550 sanctorum
1611 4523 1646 4534 -
1673 4493 1736 4560 Ona
1759 4508 1810 4548 uii-

138 4565 189 4617 taiii
201 4562 278 4632 opud
295 4563 439 4644 lieentum
454 4570 603 4644 amnentur
615 4568 663 4621 enh
678 4567 725 4623 hoo
740 4583 821 4624 anno.
833 4569 916 4642 en8g.
930 4570 971 4623 i'tu
986 4584 1030 4623 oni
1050 4569 1139 4634 linuit,
1155 4573 1220 4623 teate
1238 4569 1374 4637 bouquet:
1397 4568 1475 4647 huno
1490 4566 1560 4620 ties
1574 4563 1723 4645 (laufridus
1734 4562 1808 4619 lilius

139 4632 279 4688 secundus
294 4641 489 4714 imperatricis,
520 4636 603 4693 irater
616 4637 691 4711 regis
711 4639 858 4714 anglorum
874 4650 902 4694 ot
914 4653 1009 4695 comes
1024 4584 1175 4703 insonum,
1199 4638 1328 4694 universe
1346 4636 1437 4693 carnis
1465 4653 1493 4691 iii
1515 4652 1606 4692 ressus
1632 4641 1673 4691 est
1690 4650 1764 4690 iiiam
1778 4634 1807 4688 i.

141 4699 198 4754 llal.
221 4702 352 4776 bugust13
366 4704 413 4775 qui
428 4704 456 4760 in
479 4706 576 4762 eadem
597 4708 664 4763 urbe
679 4709 910 4776 Nannetenaium,
930 4708 1009 4779 cujus
1030 4724 1124 4766 comes
1139 4709 1291 4776 exstiterat,
1308 4724 1370 4764 cum
1384 4722 1484 4782 magno
1496 4654 1603 4764 ionore
1615 4706 1741 4779 sepultus
1754 4712 1807 4761 est.

141 4769 275 4827 llenricus
286 4789 332 4828 rex
349 4775 507 4899 inglorum,
528 4777 623 4834 Wallia
649 4779 702 4834 sibi
719 4781 864 4863 subjugata
891 4785 918 4835 et
929 4779 1004 4837 omni
1019 4780 1091 4836 laeta
1105 4780 1256 4846 tributaria,
1272 4779 1368 4854 uigilia
1389 4777 1585 4851 assumptionis
1599 4779 1702 4833 sanctae
1716 4774 1809 4831 diarias

143 4840 369 4924 transfretavitin
409 4848 592 4904 ormanuiam.
610 4849 660 4914 Qui
673 4850 755 4906 citius
769 4866 884 4907 remens
899 4849 1093 4927 Rotomagum,
1116 4851 1222 4923 aceepit
1240 4850 1453 4908 collocutionem
1469 4866 1484 4904 a
1500 4864 1564 4924 rege
1577 4849 1754 4915 Francorum,
1769 4845 1809 4903 iii·

144 4910 247 4993 delicet
260 4914 277 4967 5
292 4913 371 4979 feria,
387 4916 404 4969 2
419 4916 467 4971 lial
490 4918 662 4990 Septembris
678 4919 751 4976 inter
766 4922 859 4978 Gisors
871 4928 899 4977 et
912 4921 1016 4978 Novum
1033 4930 1196 4988 mereatum,
1208 4929 1235 4977 et
1248 4938 1310 4977 oum
1327 4920 1449 4993 pioelatis
1462 4930 1564 4976 sanctie
1579 4918 1706 4976 ecelesiae
1720 4927 1749 4973 et
1758 4917 1810 4974 ba·

142 4981 256 5064 ronibus
273 4985 417 5066 uiriusque
433 4990 597 5058 provincie.
608 4990 719 5047 lustitia
730 4992 815 5066 igitur
830 4993 865 5048 de
879 4992 941 5049 celo
955 4993 1154 5064 prospiciente,
1165 5009 1210 5048 rex
1225 4992 1389 5049 Francorum
1406 4992 1560 5048 Ludoricus
1570 5005 1661 5047 coram
1677 4986 1811 5069 predictis

142 5068 270 5124 personis
285 5054 369 5110 liliam
385 5072 462 5112 suam
478 5074 511 5114 ex
526 5061 650 5117 secunda
664 5077 715 5118 sua
733 5064 849 5120 muliere
865 5063 1089 5137 primogenitam,
1113 5064 1225 5119 nominc
1250 5062 1445 5127 Constantiam,
1471 5061 1617 5118 dimidium
1636 5075 1740 5116 aunum
1757 5059 1810 5114 ali-

142 5127 306 5248 Quantulum
322 5127 513 5196 excedentem,
530 5130 608 5187 dedit
623 5131 740 5190 llenrioo
753 5135 877 5191 secundo
895 5132 953 5188 lilio
967 5134 1042 5216 regis
1061 5135 1223 5209 anglorum,
1240 5142 1296 5190 tres
1319 5133 1376 5190 iere
1404 5149 1492 5189 annos
1517 5132 1643 5200 habenti,
1668 5146 1730 5187 cum
1752 5137 1809 5186 toto

168 5197 293 5276 eugesim
310 5205 338 5253 et
350 5197 555 5256 munitionibus
567 5201 703 5272 ejusdam,
717 5206 791 5286 quod
800 5204 954 5277 antiquitus
968 5206 1033 5260 olim
1050 5204 1140 5262 luerat
1151 5206 1224 5280 regis
1239 5205 1397 5277 inpiorum.
1410 5204 1493 5275 Cujus
1507 5209 1598 5259 tamen
1617 5209 1697 5259 terrie
1712 5209 1808 5259 etom·

147 5281 223 5322 nium
242 5269 426 5325 munitionum
440 5286 487 5325 rex
504 5271 667 5328 Francorum
689 5277 802 5333 retinuit
816 5274 969 5332 custodiam
983 5291 1072 5348 usque
1087 5277 1122 5332 ad
1136 5276 1247 5333 nubiles
1259 5291 1347 5333 annos
1358 5275 1468 5348 puellae,
1488 5275 1540 5330 hac
1554 5285 1647 5330 tamen
1662 5271 1801 5329 divisione

143 5344 173 5390 ut
187 5338 300 5418 sillilius
316 5341 389 5416 regis
403 5342 553 5414 duplorum
568 5343 700 5400 moriatur
714 5358 780 5403 anie
795 5345 947 5403 maritalem
963 5345 1051 5417 ipsius
1063 5348 1176 5473 puelle.
1194 5347 1410 5418 copulationem,
1430 5345 1571 5402 secundus
1584 5346 1627 5400 iel
1650 5343 1800 5426 tertiusio

141 5416 225 5462 “lm
244 5411 378 5467 melem
393 5427 453 5468 0³¹⁰
470 5429 596 5481 ¹¹¹⁰s0mi
612 5414 664 5470 sub
678 5416 751 5474 dotis
765 5419 877 5475 nomine
892 5433 908 5472 a
915 5419 1062 5544 ffigftgng
1073 5435 1151 5476 orum
1162 5418 1331 5490 recipientes
1345 5418 1374 5474 in
1386 5416 1483 5491 Anglii
1497 5416 1635 5473 civitatem
1644 5414 1812 5472 linconien-

141 5545 446 5688 miffist³G⁹⁰r⁸⁰⁸
466 5555 500 5611 de
527 5555 712 5613 Bosclierville
734 5573 820 5630 prope
847 5559 949 5615 llotho·
1042 5560 1110 5632 (628)
1125 5560 1199 5616 lunii
1214 5559 1266 5616 luit
1281 5559 1372 5616 adhuc
1385 5559 1522 5633 Augustae.
