3720 6014
140 243 211 301 1199
644 233 785 289 1111111111
806 232 962 288 rouratttl
982 231 1128 287 Bubntttt
1150 229 1297 287 ludulae.
1752 234 1815 289 θα)

138 383 206 425 voce
222 365 348 423 erchrins
364 361 588 427 inclamantibus,
598 368 629 416 ut
639 361 741 416 misero
757 360 945 425 misereretur,
959 372 983 440 Α
997 358 1071 430 quol
1092 358 1203 430 proprie
1221 357 1274 413 dici
1294 358 1590 415 valeatmisericordiae
1607 375 1697 430 opus,
1716 360 1816 415 relene

55 455 60 466 “
140 457 266 511 relaxatae
281 458 346 508 sunt
360 467 459 507 manus
475 451 560 518 illius,
576 457 603 505 et
617 449 703 521 coepit
721 456 810 504 astare
827 449 942 512 solutus,
996 446 1112 523 dignum
1136 448 1275 514 duximus,
1291 455 1345 503 tam
1361 463 1411 519 pro
1424 448 1469 504 sui
1496 448 1651 522 dignitate,
1664 464 1755 521 quum
1772 464 1816 519 pro

139 543 185 618 qui
201 549 264 598 ante
276 541 418 614 paululum
433 537 618 594 invisibilibus
634 537 700 593 loris
711 537 858 592 tenebatur
867 535 945 591 astri·
994 553 1116 610 congrue
1129 538 1264 593 sumenda
1279 537 1432 594 imitatione
1444 539 1614 609 simillime,
1626 539 1652 594 si
1661 538 1816 612 aliquando

138 642 208 694 ctus.
223 632 361 690 lodicibili
377 646 443 706 ergo
456 630 624 687 exhilaratus
639 629 853 703 gaudio,rotrrm
869 627 944 699 quod
995 624 1078 682 suerit
1097 643 1232 683 necesse:
1253 635 1280 683 ct
1303 633 1333 682 ut
1352 627 1453 683 elarius
1472 628 1579 701 liqueat
1601 628 1651 701 pia
1672 629 1816 685 miseratio

138 729 252 793 lecerat,
276 722 427 779 ellicaoiter
440 719 555 790 implere
570 718 685 774 studuit.
701 718 766 772 Nam
790 717 943 772 Florianum
995 717 1081 773 Patris
1096 719 1249 784 Benedicti,
1266 735 1347 792 quam
1363 721 1529 791 propensius
1543 721 1692 791 impendit
1706 721 1761 789 eis,
1773 721 1816 793 qui

137 818 266 883 tendens,
281 811 459 887 praesentavit
473 827 503 866 se
518 808 612 864 abbati
637 809 756 865 Balacro
780 809 829 879 (i),
856 807 945 863 fratri·
995 805 1048 862 levi
1069 808 1169 875 Cirristi
1183 809 1252 882 iugo
1272 825 1321 865 sua
1341 809 1461 866 subdere
1474 809 1612 867 festinant
1633 811 1724 875 colla,
1748 812 1818 867 illius

138 910 247 981 busque
261 906 290 960 in
305 904 351 959 dic
367 909 462 958 oetam
478 901 602 971 ejusdem
618 899 691 966 sesti,
708 898 773 954 dum
789 898 945 953 celebrare-
995 896 1134 967 provocati
1151 897 1319 970 magisterio.
1337 898 1450 963 Quidam
1475 915 1542 975 ergo
1568 909 1681 957 nostrae
1697 917 1817 975 congre-

138 1006 182 1055 tur
202 996 296 1062 missa,
312 993 529 1063 referensquam
544 987 727 1065 magnilicain
738 1005 767 1043 sc
780 987 945 1044 ostendisset
994 988 1113 1060 gationis
1127 989 1279 1045 monachus
1303 989 1472 1046 llumbaldus
1488 991 1652 1061 dicebatur,
1670 994 1723 1066 qui
1740 999 1818 1050 aetate

139 1090 270 1149 [lominus
284 1086 462 1158 omnipotens
474 1082 612 1157 magnalia
627 1097 678 1153 per
690 1080 733 1135 sui
749 1078 840 1134 tidelis
854 1080 944 1134 Bene·
994 1083 1113 1152 juvenis,
1125 1083 1189 1139 dum
1204 1084 1231 1139 in
1240 1083 1299 1140 suis
1311 1084 1419 1140 actibus
1432 1094 1564 1142 strenuus
1575 1086 1742 1154 videretur,
1756 1105 1819 1161 qna·

138 1184 204 1241 dicti
226 1181 334 1237 merita.
355 1181 387 1233 att
401 1177 440 1232 illi
457 1192 556 1251 magna
567 1173 750 1245 tripudiantes
765 1172 871 1239 laetitia,
887 1178 944 1228 tota
995 1174 1122 1230 rumdam
1142 1175 1348 1245 possessionum
1368 1174 1533 1231 floriacensi
1554 1176 1620 1233 loco
1635 1177 1815 1233 subditarum

138 1278 230 1336 cordis
255 1274 386 1332 instantia
404 1270 535 1328 Salvatori
561 1269 657 1324 laudes
676 1269 857 1340 proclamant,
882 1282 942 1321 ma·
993 1262 1110 1334 adeptus
1124 1270 1165 1319 est
1179 1264 1303 1319 tutelam.
1322 1263 1528 1320 almeri-Certis
1546 1265 1702 1335 videlicet,
1724 1285 1758 1325 ac
1773 1287 1817 1325 ea·

137 1390 222 1450 gnum
247 1373 354 1427 Patrem
374 1368 481 1440 magnis
500 1365 665 1423 extollentes
681 1363 839 1435 praeconiis,
860 1363 941 1435 eique
993 1372 1052 1410 rum
1068 1372 1129 1428 (111ae
1144 1357 1169 1412 ei
1185 1357 1338 1428 subiacent·
1352 1355 1457 1420 Quibus
1472 1373 1533 1413 cum
1547 1357 1610 1414 lere
1626 1361 1717 1416 annis
1732 1363 1816 1419 tribus

133 1465 166 1519 in
181 1478 236 1535 quo
246 1466 349 1516 tantum
376 1465 517 1514 ostensum
533 1453 622 1509 luerat
636 1452 810 1519 miraculum,
821 1450 942 1506 salubri·
993 1448 1170 1519 perdurasset
1179 1450 1345 1521 praepositus
1359 1450 1406 1520 (8),
1415 1449 1553 1522 disposuit
1564 1452 1730 1525 aliquando
1741 1472 1815 1512 more

138 1557 190 1612 bus
201 1559 325 1611 correcto
334 1549 495 1607 verberibus
509 1546 649 1602 licentiam
662 1544 816 1600 tribuentes
831 1542 940 1617 regredi
992 1536 1074 1593 solito
1086 1537 1238 1594 Floriacum
1250 1538 1380 1607 revisere,
1392 1539 1515 1611 gestiens
1530 1556 1628 1611 nosse,
1640 1550 1744 1599 utrum
1757 1561 1814 1601 orn·

138 1648 171 1703 ad
183 1644 311 1718 propria:
327 1647 493 1717 cognoverat
506 1639 592 1705 enim,
608 1652 783 1710 nequaqnam
798 1636 840 1690 sui
851 1651 942 1690 sacer·
954 1681 980 1751 B
993 1631 1037 1686 nia
1048 1631 1121 1703 apud
1132 1646 1198 1687 suos
1212 1631 1342 1688 concives
1356 1641 1504 1707 agerentur
1517 1649 1672 1705 prospere.
1689 1636 1813 1709 Coeptum

138 1740 212 1797 dotis
229 1735 386 1811 spernenda
408 1733 461 1789 sibi
485 1732 601 1800 monita,
622 1730 753 1803 quoniam
781 1729 817 1784 de
843 1728 943 1783 talibus
993 1721 1085 1793 itaque
1100 1723 1152 1777 iter
1165 1737 1262 1797 agens,
1278 1721 1393 1795 contigit
1414 1721 1504 1794 ipsum
1520 1723 1549 1778 in
1565 1724 1614 1780 via
1627 1728 1762 1801 graviter
1775 1730 1814 1785 in·

138 1829 204 1887 dicit
218 1827 356 1883 Salvator:
374 1825 427 1892 Qui
441 1838 487 1879 uos
501 1823 614 1892 spernit,
642 1835 684 1876 me
708 1820 824 1890 spernit,
844 1821 869 1873 et
894 1818 943 1887 qai
992 1808 1115 1880 lirinari;
1131 1811 1180 1866 sed
1194 1810 1352 1866 nullatenus
1365 1810 1501 1866 molestiae
1519 1813 1640 1881 cedens,
1657 1814 1730 1871 licet
1744 1835 1813 1890 quo-

136 1935 182 1976 001
195 1917 283 1982 audit,
296 1932 338 1971 me
356 1915 435 1970 audit
448 1912 520 1984 (Luc.
540 1911 635 1982 nto).
992 1899 1059 1955 tidie
1083 1901 1200 1975 languor
1225 1902 1438 1975 ingravesceret,
1467 1903 1583 1958 tandem
1611 1906 1814 1975 moribundus,

173 2009 237 2065 g„
253 2008 324 2063 xpp,
339 2036 373 2047 .,
391 2005 488 2061 mppr
507 2005 645 2058 compacta
667 2002 794 2069 prgam,
817 2000 846 2053 11,
862 1998 942 2053 persi.
992 1987 1080 2042 nimio
1095 1988 1177 2043 toedio
1193 1987 1307 2061 fatigata
1326 1987 1448 2045 Floriano
1463 1989 1507 2044 sui
1531 2007 1655 2064 compos
1681 1995 1814 2054 desiderii

137 2100 208 2158 torio
227 2095 389 2153 Trecassino
413 2091 553 2164 quoddam
577 2089 694 2145 hahetur
713 2087 846 2160 praedium
873 2087 945 2156 juris
995 2078 1226 2136 intulitmembrn.
1241 2079 1293 2134 Ubi
1304 2080 1368 2134 dum
1385 2080 1483 2136 morbo
1498 2083 1815 2146 confractisviribusin

137 2189 263 2260 ejusdem
278 2185 364 2241 Patris
379 2198 464 2254 super
477 2181 633 2252 Sequanam
650 2179 774 2246 lluviunr,
791 2179 826 2234 ob
847 2185 943 2233 orato·
994 2175 1065 2231 lecto
1079 2175 1271 2243 decumberet,
1292 2174 1445 2231 visitatusa
1461 2175 1608 2248 fratribus,
1634 2182 1814 2253 admonetur,

139 2283 209 2338 rium
230 2280 259 2335 in
289 2279 363 2334 illius
390 2277 494 2333 honore
523 2272 592 2328 inibi
613 2279 799 2330 constructum
827 2272 945 2328 Sanctus
994 2273 1132 2338 quatenus
1146 2267 1188 2322 sui
1207 2283 1315 2324 memor
1329 2266 1357 2321 in
1374 2269 1515 2337 extremis,
1528 2271 1627 2328 abhati
1648 2291 1704 2332 seu
1718 2279 1763 2333 cui
1779 2279 1812 2334 li·

136 2371 303 2429 Benedictus
316 2382 401 2439 snper
413 2365 568 2437 Sequanam
584 2370 772 2435 nuncupatum
796 2363 880 2418 Porro
896 2362 944 2416 ba·
995 2357 1073 2413 beret
1096 2357 1235 2414 seniorum
1266 2356 1377 2428 propria
1405 2357 1589 2415 eonfiteretur
1611 2375 1745 2435 peecata.
1767 2369 1812 2433 Qui

136 2465 244 2522 bitabat
259 2463 286 2517 in
299 2459 456 2527 eomulier,
466 2455 550 2512 llaria
563 2455 686 2525 nomine,
702 2470 763 2527 quae
774 2454 882 2510 diutino
895 2453 943 2508 de·
993 2451 1132 2508 corvinam
1147 2451 1290 2508 emulatus
1304 2469 1411 2520 vocem,
1426 2455 1512 2527 eoepit
1522 2459 1699 2529 promittere
1715 2462 1745 2517 in
1758 2479 1812 2519 cra·

138 2560 214 2610 tenta
229 2553 360 2624 languore
382 2547 462 2619 spina
481 2545 556 2602 dorsi
572 2550 724 2611 contracta,
738 2541 836 2598 ellecta
855 2540 943 2597 lucrat
993 2545 1095 2600 stinum
1109 2561 1139 2600 so
1150 2545 1224 2617 quod
1236 2532 1546 2605 moechaturacturum.
1565 2550 1654 2608 lliror·
1669 2554 1811 2623 nimirum,

136 2660 229 2712 curva,
245 2642 282 2698 ita
301 2647 331 2695 ut
343 2639 420 2695 nullo
435 2644 515 2710 pacto
531 2651 596 2693 snos
609 2635 817 2692 versuseoelum
833 2634 942 2708 erigere
993 2647 1055 2702 quas
1070 2632 1173 2690 oblivio
1188 2633 1261 2688 illius
1284 2634 1425 2693 insederat
1438 2638 1536 2706 menti,
1554 2655 1619 2695 cum
1645 2641 1675 2698 id
1693 2646 1809 2700 maxime

135 2737 241 2794 valeret
253 2732 354 2788 vultus.
372 2731 432 2786 llaec
444 2729 576 2802 indigena
592 2727 798 2801 ipsiuspraedii,
812 2726 847 2782 dc
861 2725 941 2781 lami·
993 2722 1115 2777 studium
1140 2722 1217 2779 omni
1246 2722 1303 2780 lore
1332 2724 1432 2782 debeat
1456 2725 1628 2797 Christiano,
1655 2735 1807 2803 praesertin

136 2827 172 2882 lia
191 2822 317 2895 ejusdcm
338 2819 425 2875 Patris
439 2818 576 2893 originem
594 2817 728 2873 trahebat.
743 2816 833 2872 ldultis
848 2817 941 2887 itaque
993 2819 1140 2887 monacho,
1159 2819 1181 2874 si
1194 2820 1360 2890 peccaverit,
1372 2822 1446 2894 quod
1465 2822 1622 2881 bumanum
1635 2835 1693 2893 est,
1716 2836 1746 2884 nt
1757 2835 1808 2884 sta·

136 2920 163 2975 in
177 2918 275 2974 cadem
290 2912 421 2970 curvitate
441 2910 595 2984 permansis
612 2911 716 2976 lustris,
746 2911 942 2980 desperaverat
992 2909 1138 2965 timcurrat
1152 2908 1187 2964 ad
1201 2908 1349 2976 medelam,
1365 2909 1524 2968 confitendo
1534 2915 1651 2971 scilicet
1665 2919 1806 2989 proprium

133 3007 188 3076 iarn
203 3006 237 3059 de
263 3018 313 3057 sua
334 3001 433 3066 salute,
454 3015 628 3072 nequaqnam
654 2999 759 3054 audens
770 2999 890 3070 opinari,
911 3014 940 3055 se
956 3001 1075 3091 Calicui
1089 3001 1220 3076 religioso
1236 3002 1424 3059 commissum.
1443 3004 1519 3070 Quod
1541 3006 1566 3061 si
1587 3007 1676 3064 etiam
1692 3026 1709 3065 a
1728 3012 1811 3067 noxiis

134 3093 252 3150 ulterius
266 3104 349 3164 posse
367 3087 484 3161 subrigi.
505 3088 627 3153 Quadam
642 3103 707 3160 ergo
722 3088 767 3143 die
786 3088 940 3157 Bominica,
992 3091 1155 3148 criminibus
1170 3091 1372 3163 Omnipotentis
1392 3109 1507 3149 munere
1530 3094 1675 3154 immunis
1689 3099 1810 3167 habetur,

135 3183 244 3241 durnin
271 3181 369 3239 eodem
385 3177 505 3236 oratorio
520 3184 613 3233 astam
633 3193 695 3233 curn
720 3179 829 3235 caeteris
847 3179 939 3234 missae
991 3182 1155 3237 humilitatis
1168 3188 1261 3238 tamen
1276 3191 1320 3239 est
1339 3183 1474 3252 custodia,
1492 3200 1573 3240 reum
1596 3203 1666 3244 sese
1688 3190 1810 3259 eredere,

133 3274 350 3334 celebrationem
358 3270 677 3345 audiret,legeretnrque
688 3270 876 3342 Evangeliunr,
888 3287 940 3328 no·
991 3278 1020 3327 01
1032 3270 1157 3327 confiteri
1173 3271 1248 3328 omni
1265 3272 1331 3328 liora
1345 3273 1423 3343 juxta
1438 3273 1509 3348 legis
1523 3290 1585 3331 suar
1600 3278 1715 3334 sancita
1740 3280 1809 3351 (lteq.

134 3366 178 3422 dis
189 3366 276 3437 spinae
298 3362 346 3436 qni
364 3361 412 3417 diu
425 3361 460 3416 de
475 3375 526 3416 suo
540 3358 717 3415 desciverant
732 3360 792 3416 loco
818 3360 846 3414 in
866 3361 939 3416 anti·
991 3360 1018 3416 S.
1033 3361 1136 3416 Bened.
1152 3377 1213 3431 cap.
1230 3360 1275 3433 ll:
1292 3368 1358 3417 tunc
1372 3377 1437 3418 vero
1459 3364 1616 3435 praecipue,
1631 3382 1698 3423 curn
1718 3369 1810 3440 pulsa·

133 3471 217 3528 quum
233 3450 421 3509 remeantibus
439 3456 553 3516 statum,
566 3448 648 3505 dorso
664 3449 692 3503 in
706 3449 862 3505 breviorem
877 3465 939 3506 mo·
990 3456 1035 3505 tur
1054 3450 1097 3506 vel
1111 3449 1220 3505 modica
1234 3450 1371 3519 molestia,
1387 3458 1526 3524 qnatenus
1546 3470 1667 3526 semper
1683 3457 1720 3513 de
1733 3474 1764 3513 se
1774 3475 1811 3513 se

133 3545 199 3602 dum
214 3551 341 3613 retracto,
368 3551 520 3614 ventreque
535 3540 583 3612 qni
613 3557 664 3613 per
691 3540 808 3597 multum
829 3547 939 3614 tempus
990 3540 1082 3595 eurior
1095 3538 1203 3595 existat.
1221 3540 1246 3594 ls
1263 3555 1341 3612 ergo,
1357 3539 1392 3595 de
1415 3556 1470 3613 quo
1492 3541 1590 3600 dicere
1619 3560 1808 3618 coeperamus,

132 3635 300 3694 contractior
314 3633 414 3699 luerat,
434 3633 462 3687 in
477 3632 587 3706 longius
600 3629 719 3701 spatium
736 3637 861 3700 extenso,
882 3646 940 3687 010-
989 3636 1148 3705 aegrotus,a
1172 3627 1230 3683 suis
1245 3629 1328 3684 etiam
1344 3629 1449 3686 intimis
1474 3631 1577 3688 iterum
1594 3640 1686 3708 atquc
1712 3637 1808 3692 iterum

133 3731 174 3804 pit
191 3729 282 3785 subito
296 3732 368 3782 stare
384 3732 486 3792 erecta,
502 3740 563 3796 qua
581 3723 725 3797 perlonga
741 3723 797 3793 jem
814 3730 939 3795 tempora
989 3719 1024 3774 de
1047 3718 1145 3774 eodem
1168 3716 1292 3788 pulsatus
1310 3717 1421 3783 amieis,
1440 3735 1502 3775 cras
1518 3736 1639 3794 semper
1653 3723 1808 3781 differendo

134 3823 323 3881 ambulaverat
338 3835 436 3892 prona.
465 3818 614 3889 stupentes
637 3831 734 3872 omnes
753 3817 800 3887 qui
817 3817 941 3885 aderant,
992 3809 1065 3864 situl
1092 3815 1119 3865 01
1132 3807 1241 3863 ceteris
1255 3806 1442 3878 promittebat.
1462 3809 1559 3881 Neque
1575 3811 1677 3885 aliquo
1693 3815 1729 3872 ab
1754 3816 1809 3887 ipso

134 3914 238 3986 quiquo
253 3927 314 3966 eam
330 3909 364 3964 ab
382 3907 498 3962 infantia
510 3914 653 3974 noverant,
670 3913 698 3960 ct
718 3904 807 3976 ipsius
822 3904 941 3961 infirmi·
993 3900 1082 3972 potuit
1107 3899 1266 3971 extorqueri
1289 3909 1380 3971 pacto,
1396 3898 1583 3958 consessionis
1608 3909 1741 3965 remedia
1760 3910 1809 3966 sibi

134 4006 200 4061 tatis
226 4002 330 4059 conscii
362 4000 482 4064 fuerant,
502 4005 557 4053 tam
584 3998 753 4068 insperatum
774 3998 941 4069 remedium,
991 3990 1218 4047 vellcadlribere.
1236 3991 1292 4047 lloc
1306 3991 1403 4047 tandiu
1423 3994 1581 4066 respondit,
1601 3997 1698 4056 donec
1713 4003 1810 4058 amissa

134 4095 240 4169 palmas
262 4091 296 4145 ad
311 4089 411 4145 coelum
432 4086 560 4151 tendunt,
575 4101 714 4139 summurn
741 4084 870 4155 opificem
891 4103 941 4158 per
987 4099 1053 4140 voce
1075 4084 1201 4156 protinus
1224 4083 1300 4156 loqui
1321 4084 1435 4140 destitit.
1467 4083 1684 4157 comperientes
1711 4093 1810 4149 deinde

133 4194 257 4247 sanctum
272 4182 452 4240 Benedictum
469 4180 624 4247 laudantes,
640 4179 687 4252 qui
709 4195 788 4235 suum
805 4180 935 4236 auxilinm
984 4189 1084 4255 fratres
1099 4179 1190 4251 ipsum
1203 4178 1387 4249 obmutuisse,
1405 4181 1576 4237 consternati
1591 4185 1705 4256 animo,
1732 4189 1809 4263 igno·

133 4280 194 4349 ejus
207 4275 370 4348 impendere
384 4269 740 4345 dignaturveneratoribus.
750 4269 847 4325 llulier
860 4271 941 4326 dem·
992 4274 1089 4329 rabant
1100 4288 1191 4344 quose
1205 4280 1355 4339 verterent,
1373 4279 1532 4330 metuentes
1544 4274 1642 4332 fratris
1657 4279 1737 4336 illius
1744 4297 1808 4338 con·

134 4385 188 4441 quc
203 4368 249 4422 illa
260 4364 346 4420 multa
358 4362 439 4418 laude
464 4360 590 4416 meritum
606 4359 733 4428 ejusdem
748 4359 877 4414 attollens
890 4359 941 4414 Pe·
952 4351 982 4420 D
992 4361 1136 4418 scientiam
1158 4361 1275 4430 alicujus
1293 4360 1405 4416 maximi
1431 4360 1564 4419 facinoris
1581 4367 1697 4423 macula
1720 4370 1807 4440 polln-

134 4461 195 4529 tris,
222 4458 249 4513 in
268 4473 301 4513 ea
326 4470 408 4528 quam
433 4459 586 4523 receperat,
609 4451 729 4506 sanitate
754 4452 941 4522 perseveravit
990 4452 1143 4525 tam,quod
1161 4469 1213 4508 nec
1228 4452 1258 4508 in
1271 4453 1402 4509 extremis
1412 4469 1495 4509 ausus
1507 4452 1594 4511 fucrit
1618 4461 1807 4517 manifestare.

133 4568 223 4626 usque
242 4549 277 4606 ad
296 4563 354 4605 suae
368 4545 514 4603 terminum
530 4544 605 4600 vitae.
990 4544 1060 4599 llota
1072 4558 1138 4619 ergo
1165 4542 1193 4596 in
1208 4542 1329 4614 capitulo
1348 4543 1511 4614 quaestione,
1534 4545 1603 4616 quid
1630 4548 1676 4621 agi
1693 4549 1806 4607 deberet

170 4643 234 4698 Cae.
249 4641 313 4695 lllll.
335 4671 370 4680 —
384 4639 512 4695 1101100110
527 4637 632 4708 loquela
657 4636 767 4691 reddita
786 4637 939 4705 01100111οε-
991 4633 1142 4705 superbae
1165 4648 1205 4701 re,
1222 4631 1435 4687 formidantibus
1449 4631 1581 4689 omnibus
1607 4635 1646 4691 de
1668 4636 1764 4695 fratris
1778 4641 1807 4694 il·

132 4739 243 4792 stoaem.
259 4734 402 4802 Prepesiti
419 4733 548 4800 officium.
576 4729 721 4796 Confessio,
736 4731 817 4784 etiam
841 4731 938 4785 001110-
991 4729 1045 4785 lius
1058 4728 1158 4797 salute,
1174 4743 1246 4783 unus
1259 4742 1355 4784 eorum
1375 4727 1492 4784 nomine
1505 4727 1685 4788 Ganzbertus
1706 4736 1755 4806 (9),
1771 4737 1807 4792 vir

132 4825 207 4881 liam.
223 4821 401 4891 consessionis
426 4820 617 4892 dilatoepoeno.
639 4823 939 4892 Optimumconsilium.
992 4821 1145 4888 timoratus,
1160 4819 1207 4892 qni
1233 4819 1316 4875 etiam
1338 4819 1445 4876 abbatis
1463 4817 1556 4877 ollioio
1569 4820 1691 4880 functus
1711 4825 1805 4895 luerat,

134 4915 282 4970 Victicttm.
299 4910 363 4966 Cum
377 4909 433 4965 sint
448 4910 554 4982 reliqua
578 4926 639 4980 quar
654 4910 801 4966 scribimus
829 4912 941 4967 miseri·
991 4912 1040 4969 sed
1056 4912 1108 4968 sibi
1124 4911 1312 4981 subjectorum
1339 4926 1431 4968 mores
1455 4925 1640 4987 nequaquam
1656 4921 1805 4975 emendare

131 5007 233 5064 cordiae
246 5020 341 5078 opera,
371 5018 421 5074 por
435 5003 540 5059 Patrem
566 5003 744 5059 Benedictum
761 5003 795 5059 ab
811 5005 940 5076 omnipo·
989 5006 1093 5074 valens,
1114 5004 1278 5060 renuntians
1298 5003 1404 5060 nomini
1424 5005 1500 5076 quod
1521 5004 1668 5064 ineassum
1684 5012 1805 5080 tenebat,

130 5103 208 5155 101110
219 5096 336 5154 1101111110
350 5094 567 5151 misericorditer
582 5093 718 5167 impensa,
740 5111 826 5151 unum
846 5104 939 5153 tamen
989 5095 1142 5152 Florianum
1161 5108 1256 5151 amore
1268 5093 1356 5149 Patris
1367 5093 1511 5151 Benedicti
1527 5097 1703 5169 expetierat,
1721 5103 1805 5158 taliter

165 5257 201 5327 (7)
211 5254 347 5311 Bainerus
357 5253 443 5309 abbas
451 5252 623 5308 coronationi
635 5253 754 5326 Philippi
766 5255 841 5331 regis
852 5255 936 5314 inter·
1023 5256 1059 5327 (91
1074 5255 1243 5312 Gauchrtus
1256 5254 1285 5310 in
1296 5255 1390 5323 editis,
1399 5255 1544 5313 mendose.
1563 5257 1590 5311 ls
1601 5256 1698 5316 abhas
1712 5260 1805 5320 luerat.

81 5368 84 5375 .
129 5326 214 5384 luisse
229 5333 398 5383 memoratur
412 5339 485 5380 anno
502 5325 578 5380 1059.
987 5327 1016 5383 ni
1036 5328 1126 5395 lallor,
1148 5327 1434 5400 l‘errariensis,cn1'ns
1456 5327 1562 5384 mentio
1584 5328 1614 5383 in
1633 5330 1701 5387 Vita
1723 5334 1805 5390 sandi

165 5402 200 5471 18)
219 5398 407 5468 Praepositurar
427 5396 563 5468 siquidem
587 5412 619 5453 00
635 5396 691 5453 11110
711 5398 844 5454 instituta
859 5406 935 5467 sunt,
988 5399 1087 5454 Aldriei
1107 5399 1230 5470 episcopi
1259 5398 1440 5464 Senonensis,
1464 5415 1559 5471 snpra.
1587 5401 1619 5455 ld
1645 5402 1670 5457 si
1701 5405 1742 5460 ita
1762 5411 1806 5463 est.

129 5478 159 5549 ut
169 5469 336 5593 praepositus
347 5485 402 5525 uno
418 5469 559 5550 antaltero
570 5469 646 5526 socio
661 5469 786 5525 adhibito
801 5472 935 5542 praedium
986 5470 1069 5554 longo
1080 5482 1156 5525 extra
1170 5471 1297 5526 ordinem
1312 5471 1418 5541 positus
1433 5471 1517 5527 estin
1531 5471 1630 5538 editis,
1647 5474 1701 5530 ubi
1717 5484 1806 5533 sextus

118 5539 226 5608 aliquot
247 5548 426 5612 procuraret,
438 5545 478 5598 utr
493 5541 562 5597 alias
578 5541 726 5597 dicendum
742 5541 865 5609 uherius‚
880 5544 936 5599 Beo
986 5542 1246 5598 decimusbaBetur.
1259 5543 1331 5597 Sane
1340 5543 1401 5611 eius
1411 5549 1536 5614 tempore
1544 5544 1673 5602 maxime
1691 5547 1805 5605 laxatam

108 5607 203 5666 danto.
210 5612 327 5668 Interim
341 5616 405 5691 lego
419 5615 545 5674 Browcri
563 5616 667 5674 librum
682 5614 803 5691 primum
818 5615 942 5690 1111111111-
988 5612 1234 5697 iuissoregnlarem
1245 5613 1431 5684 disciplinam,
1445 5621 1519 5686 putet
1532 5629 1569 5670 ex
1583 5617 1729 5688 praedicta
1742 5620 1806 5679 viu.

96 5679 189 5738 tatum
202 5682 395 5747 Fnldensium
410 5705 475 5766 cap.
495 5689 522 5750 7.
999 5685 1081 5752 bned
1090 5683 1341 5742 satrseonaemtin
1346 5684 1540 5742 nnnclosum.
