3720 6014
58 190 123 244 1033

817 185 1000 240 sanandae.

1646 181 1716 237 inat

55 316 108 369 tius
122 317 291 370 credendum
307 323 348 369 est
367 322 523 369 sanctorum
545 315 659 380 animas,
676 330 790 369 summm
810 313 856 367 di·
872 328 896 392 Α
913 313 958 382 pio
974 325 1067 365 aruore
1087 311 1279 380 amplectimur
1307 310 1417 365 cineres
1437 317 1464 365 et
1478 325 1551 376 ossa,
1580 317 1608 364 et
1626 311 1715 383 angeli

53 404 182 458 lectionis
202 404 376 475 planitudine
400 404 518 458 fervidas
542 404 600 459 suia
621 404 647 457 in
675 403 857 458 solemnitati·

54 491 116 559 hus,
140 494 173 548 ad
193 495 236 548 sui
255 495 380 564 corporis
401 495 516 568 pignora
536 495 662 550 foventes
679 494 860 560 descendere,

53 597 222 654 suorumque
239 599 288 654 pro
312 583 399 638 salute
415 582 539 639 fidelium
557 584 741 651 intercedere,
767 599 799 639 ac
812 583 861 637 de-

53 669 117 724 bitae
131 671 321 726 retributionis
337 672 496 728 donativum
510 672 568 727 suis
584 673 794 729 veneratoribus
805 672 860 726 im·

53 767 186 836 pendere.
202 767 340 822 Habentes
356 768 440 841 igitur
454 769 554 823 erinria
567 769 648 836 hujus
659 768 718 839 spei
735 769 861 841 pignora,

53 860 158 914 scilicet
175 861 296 932 ipsorum
312 861 456 916 beatorum
473 860 618 932 spirituum
632 861 754 924 exuvias,
771 861 863 935 dignis

55 952 208 1008 bonoribus
223 962 386 1010 sanctorum
398 954 535 1025 praeconia
546 954 733 1019 celebremus;
745 953 864 1024 amplius

55 1051 146 1098 autem
162 1043 259 1098 festiva
275 1060 369 1100 eorum
390 1045 493 1118 gaudia
508 1044 609 1099 debitis
630 1044 759 1099 laudibus
780 1044 864 1100 extol-

54 1132 152 1201 lamus,
171 1150 287 1205 quorum
318 1135 426 1189 eineres
448 1142 477 1188 et
494 1149 556 1189 ossa
576 1149 626 1189 suo
640 1134 667 1187 in
681 1134 742 1188 sinu
762 1133 864 1208 largius

56 1225 164 1280 refovet
184 1226 242 1281 haec
258 1235 352 1282 nostra
366 1225 496 1297 specialis
511 1226 638 1281 ecclesia.
655 1225 747 1281 Nostis
761 1233 863 1291 autem,

54 1317 152 1373 fratres
165 1318 332 1384 charissimi,
346 1318 496 1373 haec'unici
507 1319 588 1373 nobis
603 1319 713 1385 delicta,
735 1317 864 1389 specialis

55 1410 153 1482 utique
173 1409 312 1466 eeclesia?
325 1412 404 1479 cujus
419 1411 495 1484 gravi
509 1410 561 1466 laeti
572 1411 742 1482 quiescimus
752 1412 780 1465 in
795 1428 862 1484 gre·

54 1500 122 1567 mio,
139 1516 203 1555 ecee
218 1516 299 1570 quam
315 1499 378 1554 laeta
394 1500 476 1563 fovet,
495 1501 569 1556 unde
597 1499 651 1555 feta
671 1501 765 1560 floret:
780 1516 861 1573 quarn

54 1592 190 1662 mannas
210 1608 259 1662 per
283 1600 441 1646 sanctorum
462 1592 578 1653 cineres,
600 1592 793 1667 virgineosque
813 1591 862 1646 flo-

910 400 1080 454 exsultantes
1095 399 1121 452 in
1139 399 1209 453 coelo
1225 399 1469 468 concinuntsuper
1482 398 1634 452 animarum
1650 415 1717 453 con-

911 491 1014 546 sortio:
1032 491 1124 547 Gloria
1150 493 1179 544 ia
1198 491 1310 545 eccelsia
1333 495 1383 545 Deo
1404 492 1477 557 (hacc.
1503 490 1540 558 u).
1576 488 1717 544 Credimus

912 602 1013 657 nempe
1036 592 1063 642 et
1091 585 1156 640 huic
1182 593 1339 641 sanctorum
1361 585 1539 652 solemnitati,
1567 586 1717 661 angelicam

912 694 974 734 cunr
994 678 1052 732 suis
1078 692 1224 732 occurrere
1244 677 1437 746 praesentiam:
1458 677 1480 730 si
1509 683 1601 730 tamen
1627 677 1719 749 dignis

913 764 1067 820 honoribus
1083 765 1154 819 hanc
1174 764 1225 818 rite
1246 763 1479 820 celebraverimus
1495 780 1544 834 per
1562 764 1718 819 sanctitica-

914 857 1015 911 tionem
1031 855 1094 911 vitae
1107 871 1158 911 vox
1170 864 1262 911 nostra
1273 855 1334 911 voci
1350 856 1492 911 amborum
1513 864 1633 911 meretur
1645 872 1720 911 com-

914 946 1021 1003 misceri
1051 944 1244 1002 celicolarum.
1267 946 1395 1017 Alioquin
1423 961 1522 1020 magna
1551 946 1633 1014 hujus
1663 946 1719 1000 diei

914 1041 1037 1099 celebria
1051 1041 1145 1117 dignis
1164 1042 1294 1096 laudibus
1307 1057 1481 1112 nequaquam
1498 1041 1630 1096 decenter
1643 1056 1721 1096 reco-

913 1137 1007 1202 limus,
1040 1138 1093 1192 nisi
1124 1153 1174 1208 per
1199 1134 1445 1191 sanctificationem
1464 1135 1526 1190 vitae
1558 1136 1720 1207 nosmetipsi

913 1232 973 1287 laus
992 1231 1040 1287 Dei
1056 1231 1201 1287 fuerimus.
1228 1231 1364 1301 Scriptum
1385 1246 1505 1303 namque
1530 1239 1584 1288 est:
1608 1234 1670 1287 Noa
1683 1236 1722 1286 est

913 1325 1033 1392 specioso
1055 1324 1115 1377 locs
1139 1324 1168 1376 ia
1182 1324 1388 1391 orcprccotora‘s
1414 1323 1506 1386 (Eroti.
1525 1322 1579 1392 xvv).
1607 1323 1721 1378 hennu-

913 1411 1013 1466 tiantes
1027 1426 1093 1486 ergo
1107 1417 1284 1481 peecatorum
1308 1409 1382 1464 vitiis
1402 1410 1634 1465 circumcidamus
1653 1428 1723 1480 praa-

915 1502 1020 1573 putium
1036 1501 1127 1558 cordis
1138 1501 1236 1568 nostri,
1251 1508 1280 1556 ut
1295 1499 1424 1555 videlicet
1438 1501 1502 1573 igne
1518 1501 1604 1555 divini
1620 1502 1722 1557 amoris

913 1591 1018 1658 attacti,
1034 1589 1191 1645 emundatis
1210 1587 1303 1656 labiis,
1319 1595 1461 1661 gratanter
1471 1589 1644 1660 hymnidicas
1659 1590 1721 1644 lau-

55 1700 109 1750 res,
125 1684 198 1755 quod
213 1690 304 1740 servet
331 1685 437 1758 integra
456 1700 519 1740 vere
538 1682 659 1739 felicium
695 1690 863 1758 tegumenta,
877 1655 902 1723 Β
914 1684 963 1739 des
979 1682 1095 1738 llomino
1110 1681 1231 1736 Sabaoth
1246 1681 1426 1737 concinamus
1439 1697 1502 1737 curn
1515 1681 1617 1736 sanctis
1630 1690 1657 1737 et
1672 1699 1724 1737 an-

54 1772 185 1843 quodque
211 1773 351 1843 possideat
379 1788 442 1828 ossa
458 1771 603 1843 utriusque
631 1789 713 1828 sexus
735 1773 790 1827 iate
805 1771 864 1826 col·
913 1774 995 1847 getis,
1011 1780 1147 1845 quatenus
1162 1773 1286 1844 ipsorum
1300 1773 1417 1846 collegio
1438 1774 1550 1829 tandem
1565 1790 1724 1831 mereamur

54 1859 139 1913 lecta:
155 1861 295 1915 Latomiae·
309 1863 397 1928 igitar
417 1866 440 1915 et
455 1862 587 1916 exsultate
610 1863 640 1915 in
654 1877 695 1927 ea,
711 1876 799 1915 oarrres
815 1862 865 1931 qai
914 1863 1045 1920 associari
1063 1864 1088 1916 in
1105 1862 1185 1918 caelo.
1211 1861 1358 1936 Tergamus
1376 1877 1441 1938 ergo
1454 1863 1564 1919 oculum
1593 1866 1723 1920 mentisa

54 1952 172 2019 diligitis
191 1968 249 2007 eam
265 1954 348 2020 (Paul.
373 1955 463 2020 νικος
484 1953 603 2028 gaudete
616 1970 677 2009 cum
695 1952 798 2028 ingenti
815 1954 864 2008 lae·
912 1956 1012 2012 vitioso
1033 1954 1149 2026 pulvere
1165 1952 1343 2024 peccaminis,
1365 1960 1393 2007 et
1416 1952 1572 2009 intueamur
1588 1970 1636 2010 eos
1654 1972 1723 2028 quo-

54 2044 112 2099 titia
126 2051 153 2099 et
170 2044 311 2100 hodiernae
331 2045 487 2101 festivitatis
510 2046 632 2102 celebria
657 2047 711 2102 laeti
732 2047 863 2118 suscipite

55 2133 164 2202 gaudia.
182 2134 211 2188 Et
226 2142 256 2189 ut
271 2135 298 2188 in
312 2135 364 2190 hac
376 2136 549 2192 solemnitate
563 2137 700 2192 celebrius
713 2137 864 2210 gloriemur

56 2226 221 2295 inhomino,
233 2226 353 2298 idipsum
371 2228 452 2283 nobis
468 2229 609 2299 scripturae
626 2229 773 2285 auctoritas
788 2245 861 2285 corn·

55 2315 178 2383 mendat,
208 2332 269 2371 cum
286 2316 345 2371 haec
360 2317 443 2372 verba
469 2327 679 2374 commemorat:
709 2321 863 2383 letamini,

56 2407 155 2478 inquit,
170 2410 200 2461 in
215 2410 336 2471 Domino,
359 2413 385 2463 et
409 2410 540 2464 casultcte
556 2410 638 2480 justa,
661 2414 686 2464 et
706 2412 865 2477 gloriamini

56 2514 144 2553 ornares
160 2501 226 2553 recti
240 2498 319 2553 corde
335 2501 418 2566 (Psoi.
448 2501 548 2571 xcxvi).
572 2501 625 2555 Nos
649 2516 725 2568 vero,
754 2502 777 2556 si
793 2502 865 2556 inter

913 2067 973 2106 rum
994 2049 1124 2106 laudibus
1139 2047 1247 2103 dicatur
1262 2046 1322 2101 dies
1346 2046 1397 2101 ista
1412 2046 1542 2115 celebris,
1557 2065 1722 2120 sequamur·

914 2163 969 2219 qne
995 2162 1090 2202 eorum
1112 2143 1239 2218 vestigia.
1271 2141 1392 2206 Quorum
1421 2143 1494 2197 enim
1519 2143 1600 2198 vitam
1615 2144 1722 2210 {imitati

915 2235 1058 2302 fuerimus,
1087 2234 1208 2305 ipsorum
1229 2230 1333 2303 quippe
1352 2236 1379 2285 et
1402 2231 1551 2303 adepturos
1582 2247 1633 2287 nos
1661 2232 1722 2304 glo-

914 2326 982 2380 riam
998 2324 1147 2380 crcdimus.
1165 2321 1195 2376 Et
1207 2335 1323 2392 quorum
1341 2319 1491 2390 exemplari
1507 2319 1602 2374 formae
1626 2320 1721 2390 impri-

913 2414 950 2469 mi
967 2413 1122 2478 renitimur,
1136 2410 1169 2465 ah
1186 2410 1309 2481 ipsorum
1330 2407 1413 2463 etiam
1430 2408 1641 2479 participatione
1654 2425 1721 2480 pro·

914 2503 958 2557 cul
974 2501 1059 2557 dubio
1075 2514 1264 2569 secernemur,
1276 2497 1405 2562 Quaenam
1422 2512 1486 2568 pars
1499 2495 1573 2551 lideli
1589 2513 1650 2552 cum
1663 2496 1723 2551 inli-

53 2589 143 2656 justos
164 2594 192 2643 et
212 2595 300 2643 rectos
321 2588 439 2644 necdum
457 2606 645 2658 recensemur,
660 2591 800 2646 desiderio
821 2598 862 2646 ta·
913 2592 989 2648 defit
1013 2592 1070 2645 hut·
1090 2605 1152 2661 quaa
1181 2586 1300 2643 societas
1324 2586 1377 2642 luei
1399 2603 1475 2665 curn¹
1490 2585 1634 2642 tenebris?
1654 2586 1722 2652 Quid

57 2695 121 2733 men
137 2686 164 2732 et
179 2679 293 2748 optione
306 2696 368 2735 eum
386 2680 522 2749 iustorum
537 2681 689 2752 patrocinio
705 2688 861 2736 sanctorum
913 2684 1017 2756 templo
1032 2683 1078 2738 ilai
1089 2698 1150 2738 eum
1167 2680 1267 2736 idolis?
1281 2680 1374 2754 diligit
1389 2695 1508 2751 namque
1524 2680 1614 2735 omnis
1629 2681 1722 2734 arrima

57 2772 139 2828 nohis
153 2773 320 2829 studendum
336 2784 426 2830 estne
440 2775 537 2830 saitem
554 2776 667 2831 omnino
680 2776 795 2846 justitiae
815 2792 862 2831 ox·
913 2775 1032 2830 similem
1046 2773 1115 2828 sibi:
1132 2772 1209 2827 Unde
1225 2786 1274 2841 per
1293 2769 1441 2841 quemdam
1469 2769 1623 2840 sapientem
1647 2768 1721 2823 dici-

57 2872 148 2937 perles
168 2866 349 2922 inveniamur.
372 2866 457 2937 liujus
477 2884 543 2942 crgo
567 2868 623 2923 dici
638 2867 780 2923 salutifera
800 2882 863 2941 gra·
914 2877 976 2922 tur:
994 2867 1076 2922 Omrrc
1089 2864 1193 2920 animal
1207 2863 1302 2930 dilicit
1315 2862 1369 2917 sibi
1382 2863 1470 2916 simile
1484 2863 1523 2916 sic
1537 2867 1561 2915 ct
1575 2864 1661 2916 amaris
1675 2862 1723 2916 bo·

57 2955 202 3011 tulabundi
217 2957 330 3012 recolite
341 2957 603 3026 solemnia,scilicet
615 2976 663 3031 pro
675 2958 770 3014 electis
780 2965 864 3028 atque
913 2972 955 3013 mo
962 2959 1120 3027 proximum
1140 2953 1195 3008 sibi
1214 2951 1309 3022 (Eccli.
1334 2953 1405 3020 xm).
1422 2949 1515 3005 Omnis
1547 2965 1611 3005 caro
1636 2950 1670 3004 ad
1683 2950 1721 3004 si·

59 3049 200 3118 praeclaris
215 3050 297 3120 hujus
312 3052 435 3107 ecclesiae
447 3051 737 3127 margaritis,'proque
750 3029 901 3106 vernae-C
915 3047 980 3102 mile
990 3045 1043 3101 sibi
1063 3046 1260 3118 conjungetur,
1277 3048 1304 3098 ct
1324 3042 1509 3097 omnishomo
1523 3042 1557 3095 ad
1572 3041 1722 3096 similcsibi

60 3139 133 3194 tibus
157 3148 239 3213 atque
263 3143 474 3198 coruscantibus
501 3143 595 3199 electae
629 3143 733 3197 altricis
764 3148 865 3198 nostrae
916 3138 1076 3196 sociabitur.
1095 3137 1171 3191 Sicut
1192 3134 1408 3191 communicabit
1428 3135 1507 3205 lupus
1526 3150 1606 3208 agno,
1620 3135 1659 3189 sic
1674 3136 1726 3188 ali-

60 3228 184 3285 floribus.
211 3237 248 3286 h'o
263 3241 353 3286 autem
374 3232 487 3287 rationis
503 3240 598 3288 tenore
623 3232 704 3287 nohis
728 3231 866 3286 exsultan·
916 3230 1029 3302 quando
1041 3236 1183 3300 peccatum
1201 3227 1286 3296 justo.
1303 3227 1367 3291 Qnae
1382 3227 1596 3281 communicatio
1619 3227 1724 3281 homini

62 3320 125 3374 dum
157 3320 239 3375 bodie
255 3321 462 3376 denuntiamus.
487 3321 577 3376 Primo
593 3321 715 3393 quidem.
742 3321 806 3391 quia
822 3336 867 3375 ec·
917 3329 1011 3377 sancto
1022 3320 1056 3374 ad
1068 3318 1185 3375 canem?
1202 3318 1286 3381 Quam
1303 3317 1385 3390 igitur
1406 3331 1472 3389 rogo
1486 3326 1591 3387 partern
1617 3318 1659 3371 vel
1679 3332 1726 3372 so-

61 3409 146 3464 clesia
180 3418 272 3465 nostra
302 3410 449 3465 floriditate
471 3409 629 3480 apostolicae
649 3408 792 3464 viriditatis
818 3425 867 3464 scu
919 3414 1044 3468 cietatern
1064 3411 1221 3467 babituram
1249 3408 1362 3462 creditis
1388 3408 1521 3462 incestum
1540 3425 1602 3463 cum
1623 3408 1725 3462 casto?

61 3502 244 3578 smaragdinis
273 3504 411 3567 redimita,
440 3503 554 3558 lucescit
574 3503 691 3577 gemmis
728 3502 866 3568 Secundo,
919 3507 1057 3561 ebriosum
1080 3520 1140 3559 cum
1155 3502 1268 3558 sobrio?
1298 3501 1494 3572 raptoremve}
1518 3502 1644 3574 iniquum
1662 3520 1722 3558 cum

63 3595 127 3665 quia
163 3593 325 3665 sanguineis
352 3601 502 3665 martyrum
526 3609 639 3650 corusca
667 3593 761 3649 rutilat
783 3593 867 3648 rosis:
915 3589 1722 3667 justovelsauctolBtasplremumveldetractoremeurn

64 3686 211 3756 posthaec,
240 3685 304 3755 quia
327 3685 488 3741 clarissimis
509 3684 699 3741 confessorum
728 3683 869 3756 phalerata
919 3682 1093 3754 boniloquo?
1118 3680 1279 3736 mendacem
1301 3693 1364 3734 cum
1396 3678 1537 3734 veridico?
1555 3678 1724 3734 obstinatum

62 3778 131 3832 nitet
155 3778 320 3851 margaritis.
356 3778 461 3834 ileinde
487 3779 552 3850 quia
581 3777 713 3853 virgineis
741 3778 869 3833 floridula
918 3767 1458 3843 velaverumcumlargolllagitiosum
1490 3768 1725 3844 cumreligioso‘?

63 3870 180 3924 albescit
196 3869 272 3924 liliis.
288 3869 429 3926 Postremo
446 3871 539 3937 etiam,
561 3872 625 3943 quia
649 3871 791 3942 opulentia
806 3872 869 3942 plu·
918 3865 971 3920 llos
986 3879 1063 3938 ergo,
1081 3861 1178 3916 fratres
1193 3859 1360 3925 charissimi,
1377 3860 1422 3931 qui
1444 3859 1656 3916 Glrristianitatis
1669 3878 1723 3917 no-

63 3962 193 4015 rimorum
220 3961 364 4032 utriusque
393 3976 476 4016 sexus
509 3968 680 4028 sanctornm,
709 3963 787 4034 quasi
814 3962 868 4018 ira·
919 3954 993 4008 misse
1007 3950 1186 4023 appellamini
1206 3949 1314 4019 fid⁰¹eso
1331 3958 1456 4005 l⁰⁰⁰⁸³l⁰
1475 3950 1652 4024 paganisilssis
1667 3968 1726 4006 ¹¹¹0·

63 4051 169 4123 grantia
197 4053 344 4107 multarum
367 4052 522 4123 specierum
548 4053 810 4109 ditatnsuavissime
829 4071 870 4110 re·
919 4049 995 4104 ribus
1019 4045 1146 4101 infideles
1160 4045 1278 4101 censeri.
1298 4045 1349 4110 Qui
1378 4061 1442 4101 t'0t0
1468 4045 1514 4101 lux
1539 4047 1567 4101 in
1597 4049 1725 4115 Domino,

63 4140 149 4207 dolet,
174 4140 262 4206 floret,
289 4141 457 4214 vigetatque
479 4142 572 4212 pollet.
595 4142 717 4206 Quorum
745 4145 869 4199 omnium
920 4143 1076 4197 charactere
1089 4139 1241 4211 apostolico
1252 4139 1413 4202 titulamini,
1430 4139 1515 4193 nolite
1531 4140 1659 4196 vitiorum
1681 4148 1724 4195 te-

66 4232 130 4286 fidei
147 4233 301 4288 constantia
325 4249 377 4288 nos
397 4234 517 4299 roborat,
535 4240 561 4288 et
575 4235 634 4306 spei
650 4236 765 4291 altitudo
782 4237 870 4291 elevat
922 4237 1039 4293 nebrosa
1054 4235 1172 4308 caligine
1188 4233 1310 4306 principi
1326 4233 1501 4288 tenebrarum
1511 4235 1659 4308 assignari:
1680 4237 1726 4306 qui

66 4321 250 4376 etcharitatis
274 4322 418 4392 plenitudo
440 4323 582 4380 exhilarat.
614 4325 782 4400 Laetusorgo
812 4300 1518 4399 diesDetiaminsacrieloquiipagrnistemplum
1534 4326 1727 4401 Deidepingi·

65 4414 139 4485 apud
156 4429 207 4468 nos
221 4413 272 4468 ista
287 4421 416 4482 transeat,
432 4430 513 4485 quem
535 4415 626 4485 nobis,
651 4417 751 4474 fratres
764 4418 871 4474 charis·
922 4425 1001 4491 mini,
1023 4429 1146 4479 statuero
1172 4422 1200 4476 in
1225 4419 1357 4476 cordibus
1371 4419 1470 4474 vostris
1496 4420 1642 4475 simulacra
1658 4422 1726 4477 deo-

65 4507 140 4575 simi,
167 4514 206 4563 tot
234 4513 260 4561 et
284 4512 422 4561 tantorum
451 4515 606 4562 sanctorum
645 4511 872 4567 commemoratio
923 4536 982 4575 mm
1007 4518 1112 4575 viribus
1138 4516 1204 4571 totis
1229 4513 1394 4569 renitimini.
1417 4513 1548 4586 Quisquis
1574 4515 1647 4570 enim
1672 4516 1727 4571 ari.

66 4599 457 4656 commeudat.Totuscanora
471 4599 637 4667 iubilatione
652 4601 775 4669 prodeat,
790 4619 871 4674 quem
923 4607 990 4679 quid
1014 4606 1076 4677 plus
1095 4620 1177 4676 quam
1207 4603 1291 4657 Deum
1312 4602 1411 4674 diligit,
1436 4609 1552 4671 constat,
1580 4606 1645 4677 quia
1668 4605 1729 4662 favo

67 4696 95 4744 et
116 4689 275 4762 angelorum
293 4704 372 4759 fitque
393 4697 421 4743 el
452 4694 609 4743 SflssClOtttffl
635 4690 713 4759 parili
737 4699 872 4747 ⁰0n00sslt¹
923 4703 965 4758 aui
978 4700 1136 4767 cordisJam
1162 4697 1266 4752 idolum
1282 4697 1387 4764 statuit,
1406 4695 1451 4751 cui
1479 4699 1561 4753 toties
1582 4700 1729 4755 serviendo

66 4787 143 4855 grata
162 4781 279 4835 societas
302 4779 486 4836 concelebrat·
512 4780 550 4834 1)ss
580 4781 631 4835 hoe
659 4782 761 4853 quippe
778 4783 874 4840 festivo
925 4791 1053 4863 procidit,
1068 4788 1177 4861 quoties
1191 4787 1260 4842 illud
1271 4802 1333 4842 cum
1346 4786 1567 4858 frequentatione
1577 4791 1686 4856 excolit,
1702 4797 1730 4845 et

66 4889 175 4948 magnae
208 4873 304 4927 salutis
331 4873 432 4946 gaudio
461 4889 494 4928 ex
519 4873 661 4943 Scriptura
695 4873 821 4929 canimus
846 4875 874 4930 in
925 4881 986 4952 ejus
998 4878 1097 4934 ditioni
1122 4893 1152 4932 se
1169 4876 1272 4932 subdit.
1301 4875 1437 4948 SorIptum
1462 4878 1731 4947 ariomanitidas

67 4964 188 5035 psalmo:
213 4965 272 5017 Vna
286 4963 477 5018 eaaultotiom'o
492 4965 516 5016 et
531 4963 628 5017 solutis
652 4964 680 5017 ia
695 4962 876 5020 tabernuculis
924 4973 1066 5026 Dominam
1084 4972 1166 5024 Deum
1194 4972 1270 5023 tuam
1290 4983 1325 5022 ee
1345 4970 1495 5025 tototcorde
1513 4974 1568 5036 tuo,
1589 4974 1614 5024 et
1626 4986 1661 5024 era
1675 4976 1732 5026 tota

62 5053 202 5123 juditium
227 5051 264 5105 ‘td
289 5051 454 5105 audiendum
481 5051 578 5107 audito
604 5055 643 5106 0⁸²
666 5052 748 5122 (naal.
779 5055 873 5125 ffltti·
925 5064 1018 5119 aalma
1034 5065 1131 5128 tumet
1157 5076 1191 5114 eac
1207 5060 1384 5115 totisviribas
1400 5063 1454 5115 tois
1476 5062 1582 5129 (uultu.
1597 5063 1675 5133 xxia).
1695 5063 1733 5116 lta

67 5146 217 5216 aptissime
244 5145 367 5216 prolecto
387 5162 439 5201 vox
466 5146 657 5201 exsultationis
681 5155 710 5202 et
723 5148 819 5203 salutis
847 5147 875 5203 in
927 5157 956 5206 et
969 5149 1017 5205 ille
1030 5149 1104 5204 solus
1117 5163 1224 5203 summe
1237 5147 1405 5222 diligendas,
1421 5149 1467 5221 qui
1475 5150 1652 5224 singulariter
1666 5151 1733 5206 ado·

67 5236 121 5290 isto
136 5234 224 5290 audiri
235 5233 276 5289 fas
290 5241 333 5288 est
348 5233 431 5289 hodie
443 5234 594 5303 domicilio,
606 5235 671 5306 quia
683 5236 813 5292 nimirum
827 5238 877 5293 ho-
929 5239 1043 5305 randus,
1062 5254 1094 5293 ae
1113 5236 1316 5293 studiosissime
1343 5238 1511 5293 excolendus
1524 5246 1575 5294 est.
1596 5239 1734 5311 Quidquid

68 5326 175 5380 dieram
189 5324 254 5391 ldiei
278 5325 305 5379 in
325 5325 497 5394 celebritate,
514 5327 579 5380 dum
594 5328 760 5398 generaliter
777 5344 880 5385 memo·
930 5332 1013 5407 igitur
1026 5338 1120 5388 contra
1139 5331 1223 5401 hujus
1237 5330 1339 5387 amoris
1353 5333 1397 5386 vel
1417 5333 1540 5388 exercitii
1566 5333 1667 5388 cultum
1683 5340 1735 5402 est,

68 5413 110 5469 ria
125 5412 155 5466 iit
168 5412 303 5481 omnium,
315 5428 431 5485 quorum
447 5414 475 5468 in
492 5414 543 5469 ista
557 5414 683 5486 reliquiae
699 5417 878 5474 continentur
928 5423 1051 5496 profecto
1079 5423 1240 5478 medullitus
1267 5421 1468 5480 eliminandum
1494 5431 1545 5479 est.
1580 5425 1737 5495 hpostolieo

67 5505 186 5561 ecclesia
205 5512 373 5574 sanctorum,
389 5506 528 5562 credimus
541 5521 620 5579 &aaut¹
633 5517 661 5562 et
676 5508 702 5562 in
719 5509 789 5565 ssoelo
807 5518 835 5565 ot
850 5510 878 5566 in
928 5522 1020 5573 autem
1037 5516 1166 5589 dogmate
1191 5515 1365 5581 instruimur,
1382 5516 1513 5590 quoniam
1539 5515 1671 5573 iraltitatio
1691 5517 1738 5572 uei

67 5597 245 5655 terralaudes
259 5611 389 5654 resonare
401 5597 545 5669 ipsorum;
566 5599 632 5655 dum
652 5609 680 5656 et
695 5616 745 5657 nos
763 5601 791 5656 in
806 5610 879 5659 terra
928 5614 1066 5666 structura
1080 5607 1205 5678 eorporis
1216 5606 1305 5663 nostri
1322 5605 1448 5681 eligitur.
1465 5609 1511 5664 Aa
1524 5610 1622 5676 acacia
1640 5607 1740 5680 inquit,

252 5707 401 5771 Parnon.
425 5706 524 5770 CLX.
1518 5716 1557 5780 33
