3720 6014
87 195 140 254 bib
702 182 873 240 statuetur
895 181 1149 239 camalecensis.
1706 178 1761 234 ota

87 319 250 385 Saloutaria,
265 316 353 371 sancti
366 328 471 386 quoque
482 315 553 369 Petri
559 314 721 384 piqueribus
731 311 1030 384 camptumaAquam
1050 310 1110 381 ipse
1129 314 1217 365 taetus
1236 307 1284 362 bai
1309 321 1402 363 amora
1416 304 1541 378 legaliter
1562 301 1676 360 tradidit
1695 318 1763 358 san·

89 410 186 467 domno
203 409 337 479 wicperto
356 408 405 462 Dei
424 407 531 473 sultare,
556 406 722 475 lirluiuoque
747 402 896 458 venerabili
946 410 989 460 alo
1004 404 1093 468 Petro,
1109 404 1136 454 et
1162 398 1290 469 hineper
1312 412 1411 451 manns
1431 393 1534 452 lrluini
1558 393 1669 449 abbatis
1698 392 1765 448 tatis

87 504 203 572 patrono
224 498 275 553 loci
287 496 414 567 ejusdem.
443 495 545 552 banda
570 496 734 550 uoluntatem
753 494 895 564 propriam
939 498 1016 558 ¹facta
1030 496 1072 546 est
1086 486 1276 558 conscriptio:

85 588 472 663 pariterostenileutesdamuo
487 585 896 649 abbatitleriioardo,conoenit
978 579 1140 652 qomnibus
1169 578 1269 633 sanatae
1287 577 1337 630 Dei
1367 575 1492 630 acclesiae
1516 573 1655 642 fidelibus,
1684 588 1763 644 pra·

88 687 180 740 mutuo
194 682 417 753 complacuitque,
432 696 484 751 qno
498 680 595 735 siluam
609 678 757 750 quamlibet
769 678 896 733 obtimam
943 669 1064 725 sentibus
1083 667 1207 722 uidelicet
1229 682 1260 721 aa
1278 666 1393 732 trituris,
1413 666 1491 732 lonae
1516 665 1621 735 lateque
1639 679 1764 720 conoma-

88 771 209 828 traderct
228 771 283 827 loca
295 773 424 841 presenti,
437 771 540 840 partim
553 769 654 824 diuisae
667 769 778 839 pietatis
790 768 893 836 qratia,
943 763 1067 819 mentibus
1081 765 1174 817 notum
1188 762 1248 830 fieri
1261 764 1313 815 toto
1322 759 1412 814 cordis
1426 764 1549 828 optamus
1561 758 1672 828 affectu,
1688 756 1770 828 quod·

86 865 239 936 plurimum
251 878 301 934 pro
313 878 454 918 munerum
466 861 611 931 barreficiis,
621 859 899 930 uoluritalesiqnidem
950 852 1056 907 abbatie
1076 850 1187 906 Ertaini
1201 851 1307 904 ›iomine
1320 848 1389 903 dicti
1407 848 1511 915 diebus,
1531 848 1629 918 quibus
1644 848 1767 903 cariobio

90 955 183 1010 domm
200 952 319 1016 abbatis,
341 954 462 1021 fratrum
478 965 582 1021 quoque
593 952 702 1020 pariter
722 948 790 1004 inibi
803 949 899 1016 depen-
950 939 1153 996 Gemmelacensi
1171 942 1326 1009 auricupalo
1344 938 1449 992 renuiter
1462 942 1569 1009 praest,
1595 937 1768 1003 caesariani·

91 1046 351 1114 tium,nirorumque
366 1042 477 1098 coasilio
495 1041 619 1111 fidelium
633 1041 738 1096 ordinis
748 1043 901 1109 utriusque,
952 1047 1016 1089 neus
1027 1036 1140 1105 patroni
1159 1034 1259 1103 prioris
1274 1034 1405 1102 equivoci,
1426 1033 1539 1102 quidum
1557 1032 1601 1085 air
1624 1035 1700 1086 ortas
1715 1045 1769 1085 no·

91 1138 184 1190 sancto
203 1133 340 1190 salvatori
365 1132 447 1201 leqali
469 1131 586 1186 tradidit
607 1132 768 1185 auctoriate
793 1129 901 1194 siluam,
954 1126 1004 1181 bili
1020 1127 1153 1196 prosapia
1169 1124 1309 1181 arnoldus
1329 1125 1485 1180 nominatus
1512 1123 1686 1193 elusamque
1700 1136 1768 1176 aare·

92 1229 231 1295 obtimam,
258 1230 288 1282 in
308 1244 388 1298 quom
412 1229 470 1294 fere
497 1230 607 1282 ceutena
627 1226 777 1280 considunt
800 1224 904 1280 boriuu·
949 1218 1026 1289 juna
1044 1218 1182 1275 Riobeldis
1194 1216 1229 1252 ²³⁶
1242 1219 1383 1285 cantatu,
1395 1219 1544 1288 parilerin
1571 1215 1676 1271 diuinis
1689 1216 1768 1271 iace-

92 1322 147 1388 ria,
169 1335 248 1392 super
270 1320 382 1388 peruium
402 1320 484 1372 llious
510 1318 801 1387 uulqoaunmipatunr.
817 1316 903 1384 liqui·
954 1307 1042 1363 dentis
1059 1306 1240 1377 iussionibus,
1265 1307 1354 1376 deifici
1378 1308 1484 1361 timoris
1512 1308 1713 1361 reminiscentes
1742 1306 1770 1359 et

92 1411 153 1467 mm
166 1427 228 1468 moa
247 1412 371 1480 utrisque
387 1424 537 1465 concessum
551 1410 611 1476 sore
623 1406 806 1479 dinosciturm
826 1407 905 1462 mobis
955 1399 1066 1464 amoris,
1081 1398 1149 1467 pari
1171 1399 1325 1451 imitemin
1339 1396 1475 1451 diuimtus
1495 1396 1620 1463 consilio,
1635 1396 1770 1466 attaliam

93 1509 197 1560 centum
209 1504 292 1560 solidi
304 1517 476 1559 nummorum
491 1503 521 1555 in
534 1517 602 1555 auro
622 1502 724 1556 scilicet
738 1503 906 1570 arqentoque
953 1506 1005 1564 pro
1030 1490 1118 1546 saluit
1130 1491 1288 1545 animarum
1305 1503 1419 1545 sitorum
1434 1492 1625 1560 cunctipotenti
1642 1491 1696 1544 Deo
1714 1487 1773 1544 sal·

94 1609 285 1666 equorumque,
304 1595 374 1648 sicut
389 1606 478 1646 eorum
496 1591 622 1645 uoluretas
648 1591 749 1645 estitit.
768 1588 855 1657 Helius
870 1588 907 1643 si·
955 1583 1045 1637 uutori
1062 1584 1226 1647 cunctorum,
1241 1583 1333 1634 sancto
1360 1594 1466 1650 quaque
1489 1581 1566 1635 Petro
1589 1580 1667 1647 requi
1690 1578 1774 1633 calo·

95 1685 203 1755 quidem
229 1668 389 1739 traditionis
401 1686 463 1752 post
489 1682 544 1736 bea
570 1681 716 1750 composita
733 1683 771 1734 est
786 1678 903 1740 cartula,
917 1659 1018 1728 Brum
1034 1672 1178 1739 abutauro,
1202 1684 1262 1725 cum
1288 1671 1391 1725 coeris
1415 1674 1569 1725 sanctorum
1594 1669 1770 1739 piqnoribus,

95 1776 145 1833 sub
164 1778 285 1831 uirorum
305 1775 453 1830 testimonio
478 1773 598 1843 fidetium
622 1773 764 1841 utriusque
790 1770 907 1837 ordinis,
957 1779 1017 1835 quoe
1026 1762 1238 1834 presentialiter
1261 1762 1335 1831 opud
1361 1776 1410 1816 nos
1430 1762 1566 1827 coluntur,
1590 1762 1672 1817 totius
1692 1760 1773 1815 berc·

96 1884 214 1941 quonian
227 1867 351 1922 monibus
370 1868 451 1920 etiam
469 1864 585 1920 traditio
602 1868 717 1935 peracta
735 1868 784 1919 est.
805 1862 908 1934 Siquis
959 1856 1055 1912 anatis
1074 1855 1277 1925 possessionen,
1303 1868 1384 1923 quom
1410 1855 1488 1922 intra
1504 1857 1602 1909 nostra
1625 1854 1773 1924 potestatis

96 1973 168 2027 uero,
192 1957 265 2028 quod
283 1958 365 2020 absit,
389 1961 482 2012 contra
506 1957 575 2011 banc
603 1955 736 2010 cartulam
760 1955 908 2024 quamlibet
955 1947 1094 2019 possident
1108 1946 1257 2013 abbatiam,
1272 1946 1353 2012 lesaii
1367 1945 1505 2001 traderent
1530 1945 1683 1999 miratione.
1710 1944 1774 2013 lpi-

47 2053 49 2058 '
97 2063 225 2118 qenerare
245 2048 441 2118 presumpserit
460 2046 634 2108 calumniam,
655 2047 681 2100 si
699 2060 727 2100 se
745 2045 843 2100 winde
855 2060 908 2099 riou
958 2036 1157 2091 turbidiorum
1177 2034 1312 2090 divitiiis
1331 2035 1467 2105 institam
1482 2035 1670 2100 beniuolentia,
1698 2048 1773 2104 iw-

97 2138 223 2204 conenit,
252 2139 373 2190 sanctum
407 2133 575 2190 salvatorem
609 2138 702 2189 contra
742 2149 768 2188 se
796 2137 908 2189 ultorem
959 2132 1022 2186 dam
1037 2132 1091 2197 die,
1104 2130 1303 2201 sollempnitate
1318 2131 1420 2185 seilicet
1438 2130 1508 2186 beuti
1523 2129 1775 2200 Medardipontitt·

98 2227 219 2289 santiam
243 2224 320 2279 uobis
339 2238 446 2295 quoque
469 2223 568 2293 quibus
588 2223 663 2277 litem
689 2224 820 2290 intulerit,
846 2224 910 2277 auri
959 2222 1774 2294 cis,paricoucordantescousilioconuenerunt,conqreqatis

97 2300 192 2373 undas
206 2317 241 2372 30
256 2321 281 2371 et
296 2318 402 2384 arpenti
409 2316 530 2385 pondera
544 2315 788 2381 conclamantum,
803 2318 828 2368 et
840 2313 910 2385 quod
960 2331 1065 2386 quoque
1081 2315 1205 2385 bdelium
1218 2315 1329 2370 testibus
1353 2317 1475 2370 uirorum
1500 2318 1591 2385 partis
1615 2318 1773 2386 utriusque,
1797 2302 1801 2308 ⁵

95 2411 195 2480 repetit
211 2408 353 2463 uindicare
379 2408 455 2462 nullo
479 2407 557 2462 modo
574 2409 723 2477 presumat.
754 2408 863 2470 Verum,
878 2408 909 2460 ul
959 2411 1055 2464 curiata
1073 2423 1132 2479 quae
1142 2407 1281 2478 possidere
1292 2414 1439 2463 cernuntur
1451 2410 1528 2475 intra
1547 2412 1645 2464 nostra
1658 2408 1775 2463 ditionis

95 2516 208 2573 presens
216 2501 334 2565 cartula,
349 2500 592 2571 finnastabilisqae
598 2499 793 2570 perpetualiter
798 2513 908 2568 perna·
958 2504 989 2553 ut
1004 2498 1185 2569 praediscimus
1204 2498 1380 2579 abbathiam,
1393 2499 1516 2567 leqaliter
1530 2499 1701 2555 tradiderunt
1715 2501 1773 2555 Deo

98 2597 171 2659 neat,
191 2592 417 2663 constipulatione
444 2593 617 2661 interpositu,
636 2592 766 2645 diuturno
794 2594 910 2661 tempore
960 2590 1092 2647 suaderi
1109 2594 1212 2658 nostro,
1228 2590 1305 2661 cujus
1320 2592 1420 2647 bonore
1432 2592 1557 2647 canditate
1572 2596 1611 2647 est
1625 2594 1699 2647 boas
1709 2591 1775 2662 jam

97 2681 283 2738 corroboretur
295 2679 462 2735 ineoreoulsu.
487 2678 617 2734 Caeterum
631 2679 806 2749 presentibus
819 2682 911 2734 uotum
960 2687 1059 2754 dutus,
1072 2691 1163 2742 sancto
1179 2702 1282 2757 quoque
1306 2691 1384 2743 pam,
1403 2689 1527 2760 principi
1540 2690 1641 2744 ,eslim
1663 2692 1775 2760 aposto.

98 2774 136 2829 sit
146 2777 171 2829 et
186 2772 351 2838 absentibus,
365 2771 491 2826 domrmm
505 2770 627 2825 abbatem
642 2770 836 2826 lleriwardam
850 2785 910 2825 cum
961 2778 1058 2844 aarum,
1075 2780 1126 2834 tali
1143 2780 1265 2835 pidelan
1280 2783 1395 2850 ratione,
1412 2797 1463 2853 quo
1488 2784 1625 2838 „ismenus
1640 2798 1693 2838 m
1707 2782 1776 2850 sm.

98 2864 236 2933 fratribus
255 2864 341 2919 simili
361 2865 448 2933 pretio
467 2877 636 2917 nummorum
655 2865 751 2918 emisse
778 2860 912 2933 quicquid
961 2872 1042 2923 antur
1055 2869 1222 2936 tenebratio,
1234 2886 1281 2926 nea
1294 2876 1418 2942 nonpost
1431 2874 1581 2928 communis
1593 2873 1656 2925 uitae
1680 2869 1776 2924 deces-

103 2956 274 3026 Wicltpertus
290 2956 419 3010 tractorias
434 2954 529 3008 babuit
544 2955 573 3007 in
591 2954 659 3008 oilla
676 2955 820 3012 Walabam
832 2954 912 3024 oulqo
961 2972 1022 3013 sum
1041 2960 1150 3013 canaba
1164 2962 1248 3014 nostri
1261 2960 1446 3030 subjiciantur
1468 2962 1595 3016 dominio.
1615 2962 1687 3017 Sane
1700 2973 1771 3029 pars

101 3046 184 3113 dicta,
200 3061 260 3101 cum
274 3046 383 3112 familia
392 3048 500 3113 connita
511 3046 715 3116 perpetualiter.
963 3055 1043 3108 tatius
1056 3054 1233 3122 possessionis
1247 3055 1301 3109 bea
1316 3059 1371 3111 est:
1387 3055 1517 3126 quiequid
1536 3056 1633 3110 babere
1648 3056 1775 3111 dinosci·

138 3134 225 3189 Annis
243 3149 310 3210 ergo
323 3135 386 3206 plus
414 3135 541 3190 minasve
557 3133 646 3189 tribus
666 3134 692 3189 ia
711 3134 845 3210 regimine
857 3135 913 3190 cla·
963 3149 1008 3200 rur
1025 3147 1056 3199 in
1069 3145 1184 3214 famulis
1208 3150 1233 3201 ee
1255 3147 1411 3213 famulabus
1436 3150 1618 3215 pessimantes,
1637 3163 1698 3203 aum
1717 3161 1777 3202 ma-

102 3230 170 3303 pais,
187 3229 360 3287 lieriwardus
374 3230 458 3286 abbas
480 3231 604 3288 debitum
625 3231 708 3288 solvit
722 3231 912 3298 humanitatis,
963 3233 1071 3288 badino
1086 3236 1193 3305 pariter
1207 3238 1343 3303 strombo,
1362 3237 1485 3307 mirionis
1499 3241 1529 3292 iu
1544 3241 1630 3308 aquis,
1644 3239 1772 3306 culturis,

103 3328 132 3376 et
149 3320 167 3377 b
182 3320 240 3377 Non
255 3319 317 3376 llaii
333 3320 477 3393 appositus
490 3321 524 3376 ad
547 3320 680 3394 populum
700 3338 791 3390 suum,
813 3321 840 3376 in
860 3336 914 3377 aee·
964 3324 1043 3380 cubis
1063 3329 1087 3379 et
1102 3327 1224 3393 incultis,
1244 3328 1333 3395 siluis,
1342 3332 1444 3399 pratis,
1456 3330 1576 3400 pascuis,
1593 3331 1674 3400 cquis
1690 3344 1779 3400 oqua-

104 3414 189 3472 clesia
202 3415 290 3472 sanati
309 3415 382 3471 Petri
397 3415 503 3488 accepit
518 3417 664 3472 tumulum.
963 3432 1056 3473 runem
1070 3416 1238 3483 decursibus,
1258 3420 1376 3475 cultibus
1394 3423 1513 3485 uiarum,
1536 3421 1651 3476 thelonei
1671 3430 1783 3492 quoque

261 3504 456 3562 bsoslbluo
470 3504 610 3562 tbttloltll
621 3503 759 3563 astam.
962 3514 1042 3582 parte
1055 3513 1162 3569 sibimet
1181 3512 1325 3582 accidente,
1348 3530 1408 3570 aum
1425 3517 1527 3571 ceteris
1541 3515 1619 3570 rebus
1635 3515 1778 3586 madata

139 3598 187 3655 96.
204 3597 268 3669 (Aa.
284 3597 359 3667 991.)
378 3597 485 3654 Tertius
503 3598 537 3653 ad
557 3597 747 3670 praelalionem
763 3596 917 3652 Gemmela·
963 3605 1129 3664 possessioni
1138 3604 1268 3660 subditis.

105 3690 198 3746 censis
216 3686 337 3747 coenobii
351 3689 456 3745 electus
471 3696 513 3746 est
532 3689 672 3758 Erluinns,
696 3688 796 3761 prioris
812 3688 916 3744 lirluini
999 3691 1044 3750 25.
1060 3692 1118 3749 Sub
1133 3693 1185 3751 hoc
1204 3694 1315 3751 Erluino
1339 3694 1440 3751 molliri
1460 3696 1544 3768 caepit
1559 3695 1713 3768 disciplinae
1729 3710 1776 3752 re·

106 3781 341 3856 consanguineus,
366 3786 393 3836 ol
412 3781 520 3837 decima
538 3780 595 3835 llal.
619 3779 742 3837 ianuarii
765 3780 851 3836 abbas
877 3785 920 3836 est
969 3786 1073 3860 galeris
1088 3786 1172 3862 rigor,
1188 3793 1215 3844 et
1228 3787 1359 3859 paulatim
1381 3798 1526 3861 tepescere
1546 3796 1648 3846 sanatae
1663 3804 1781 3846 conver·

107 3876 258 3932 ordinatus.
280 3876 305 3930 ls
319 3881 452 3946 quantum
475 3874 509 3928 ad
537 3875 673 3942 seculum,
693 3873 791 3930 liberis
819 3889 920 3950 proge-
969 3877 1086 3938 sationis
1097 3880 1198 3951 servor,
1212 3883 1277 3955 quis
1291 3900 1347 3939 non
1357 3884 1460 3941 multus
1475 3885 1504 3941 ia
1516 3902 1549 3942 eo
1567 3892 1626 3942 erat
1637 3886 1720 3955 iustae
1734 3900 1782 3942 se·

109 3966 247 4023 nitoribus
269 3973 312 4023 est
332 3976 420 4035 ortus,
446 3982 509 4022 nam
526 3966 654 4022 Erluiaas
680 3965 918 4023 Camerinensium
969 3968 1093 4025 veritatis
1115 3969 1204 4046 sigor.
1233 3971 1300 4027 Nam
1325 3972 1522 4046 ecelesiasticis
1537 3973 1637 4043 jesbus,
1661 3979 1691 4028 ut
1712 3987 1781 4044 sepa

109 4066 175 4115 tuae
188 4059 320 4131 temporis
334 4058 483 4131 episcopus
497 4059 556 4128 ejus
571 4057 622 4113 luit
642 4059 809 4125 avunculum
826 4075 918 4131 quan·
970 4058 1139 4125 dictumest,
1160 4059 1285 4133 undique
1299 4060 1450 4133 dissipatis,
1472 4072 1500 4118 et
1519 4062 1655 4119 reditibus
1680 4071 1708 4119 et
1731 4060 1784 4118 sti·

111 4153 166 4203 tam
190 4147 305 4203 vcrond
329 4148 415 4203 Deum
432 4147 459 4202 in
480 4147 623 4204 Gorzieusi
649 4147 778 4204 coenabio
799 4146 919 4222 regulari
970 4147 1081 4219 pandiis
1107 4149 1260 4218 minoratis,
1294 4152 1488 4208 attenuabatur
1516 4153 1597 4209 nimis
1619 4168 1716 4208 eoram
1735 4137 1809 4209 res⁸

110 4239 281 4296 monachicae
294 4240 357 4296 vitae
373 4240 521 4312 disciplina
542 4241 667 4312 adprime
690 4240 869 4306 exercitatus,
885 4240 921 4296 ad
970 4240 1125 4298 familiaris.
1137 4242 1232 4315 ltaque
1247 4243 1299 4300 aab
1310 4251 1426 4316 optenta
1442 4248 1611 4318 paupertatis
1622 4247 1688 4302 dnm
1699 4247 1780 4320 qnis-

110 4351 170 4391 eam
206 4335 346 4392 vivaciter,
364 4336 553 4407 exequendam
584 4335 688 4391 utinam
719 4342 774 4390 lam
802 4333 920 4390 idoneus
970 4346 1025 4404 que
1055 4330 1109 4386 sibi
1135 4331 1265 4402 consulit,
1290 4339 1318 4389 et
1344 4335 1499 4405 posthabita
1532 4337 1687 4392 eommunis
1715 4345 1781 4393 vite

110 4440 191 4498 quam
219 4423 390 4480 sufficienter
418 4425 583 4492 instructum
615 4424 701 4496 liujus
721 4431 845 4497 tempore
871 4425 920 4478 rtr-
971 4420 1115 4479 honestate
1132 4424 1782 4502 remlamiliaremangerepeculiariterquerit,

109 4516 343 4590 noldasquidam,
358 4517 400 4573 vir
415 4517 528 4585 nobilis,
544 4525 649 4589 partem
671 4516 769 4589 praedii
793 4515 921 4573 Gemme-
957 4517 1102 4575 'vivebant
1118 4519 1193 4589 jnsto
1207 4521 1352 4590 licentium
1369 4524 1442 4596 qnod
1462 4528 1576 4581 omnino
1592 4541 1647 4581 noa
1670 4523 1785 4596 expedit

109 4608 240 4677 lanensis,
260 4626 321 4682 quie
336 4625 369 4665 ex
386 4610 449 4679 jure
463 4610 556 4666 uxoris
575 4626 631 4665 suae
652 4609 795 4666 llicheldis
810 4624 840 4665 so
854 4623 922 4665 con·
972 4608 1170 4664 monachorum
1191 4610 1347 4667 animabus.
1363 4612 1402 4667 lta
1416 4612 1451 4668 de
1465 4615 1622 4671 sanctuario
1641 4613 1689 4670 Dei
1705 4615 1784 4670 uada

110 4696 245 4773 lingebat,
258 4705 353 4753 sancto
367 4696 447 4754 Petro
461 4698 590 4754 reddidit.
620 4697 761 4771 Siquidem
777 4698 923 4754 lleribran-
972 4700 1060 4772 primo
1076 4717 1110 4758 ex
1132 4709 1228 4758 sancta
1248 4701 1276 4757 ia
1303 4704 1484 4761 habitantium
1504 4706 1784 4764 conversationede·
1814 4696 1818 4704 ’

110 4790 172 4859 dus,
195 4792 244 4863 qai
277 4807 368 4847 rerum
400 4801 556 4850 nostrarum
586 4794 693 4866 primus
722 4795 834 4850 invisor
857 4792 919 4861 luit,
971 4788 1110 4846 laetabilis
1130 4791 1222 4847 exibat
1247 4792 1325 4855 odor,
1340 4794 1396 4863 iam
1413 4811 1487 4851 nunc
1502 4795 1615 4853 sinister
1636 4794 1781 4853 diffunda-

111 4880 271 4949 liubertum,
294 4880 342 4953 qui
357 4881 439 4954 vulgo
461 4876 570 4939 llubezo
585 4883 746 4952 uocabatur,
763 4899 796 4940 ex
811 4882 918 4938 Renui·
970 4877 1051 4935 batur
1067 4896 1170 4950 rumor,
1187 4881 1235 4954 qui
1250 4896 1450 4955 nonnunquam
1471 4884 1545 4955 apud
1564 4900 1646 4941 arares
1672 4886 1782 4940 secula·

109 4971 155 5041 de,
169 4987 264 5029 sorore
279 4972 373 5029 domni
390 4973 556 5045 wichperti,
576 4974 683 5049 genuit,
703 4982 731 5031 et
753 4974 823 5031 illias
839 4975 917 5043 duas,
969 4970 1040 5026 rium
1054 4970 1088 5025 ad
1105 4970 1291 5027 infamandam
1320 4973 1403 5028 vitam
1420 4981 1541 5030 nostram
1563 4974 1634 5031 solet
1653 4989 1717 5030 esse
1732 4973 1783 5029 in·

111 5067 270 5125 llicheldem
284 5075 312 5124 et
327 5068 408 5125 aliam
435 5071 513 5139 cuins
530 5086 631 5126 nomen
651 5070 762 5128 excidit.
784 5072 868 5128 Porro
883 5071 919 5127 de
969 5064 1141 5122 clementior·
1157 5066 1227 5140 Ergo
1254 5067 1384 5123 Erluinus
1405 5068 1500 5139 junior
1515 5074 1667 5141 'postquam
1693 5080 1784 5124 annos

110 5159 258 5215 medietate
274 5159 507 5216 Gemmelacensis
527 5159 596 5228 fisci,
612 5177 706 5233 qaam,
729 5169 760 5219 ut
779 5177 862 5236 supra
876 5161 918 5217 di·
970 5155 1127 5228 plusquam
1146 5155 1181 5210 23
1206 5156 1257 5212 sub
1280 5157 1391 5213 nomine
1419 5158 1611 5228 paletalilttlib
1631 5157 1734 5232 etegit,
1752 5158 1782 5212 7·

110 5249 209 5317 simus,
240 5248 426 5305 lleribrandus
447 5247 548 5319 injuste
576 5250 736 5320 repetierat,
766 5251 809 5306 his
832 5251 920 5308 tribus
971 5246 1554 5324 Kalendluniivitadecassitfflralbllt.
1572 5251 1783 5308 etinaecclesia

110 5338 190 5394 tertia
204 5336 320 5411 singulis
336 5336 442 5410 pausia
458 5329 594 5392 divisibne
609 5346 784 5409 provenerat.
802 5339 865 5396 llaec
880 5346 922 5396 est
971 5341 1058 5396 saneti
1073 5340 1144 5397 Petri
1153 5341 1230 5411 juxta
1244 5344 1480 5414 praedecessorum
1494 5360 1575 5401 suum
1591 5344 1783 5403 lleriwardam

111 5429 192 5485 tertia
203 5444 265 5503 qnae
276 5445 309 5484 en
321 5430 383 5500 jure
394 5427 489 5487 uxoris
506 5427 640 5506 llicbildis
656 5432 919 5501 ceneratarnaldo,
972 5433 1104 5489 tumulari
1119 5435 1228 5492 meruit.

790 5539 900 5598 l’llltlAE
919 5539 1108 5599 leostanus,

147 5625 183 5663 ⁷⁸⁶
203 5625 338 5687 llichildis
355 5646 437 5689 corr..
455 5630 596 5690 llicheldis
614 5649 636 5690 a.
