3720 6014
124 226 197 284 ΜΒ
628 218 771 277 arbutei
791 217 948 275 tentanti
967 217 1113 279 honneni
1133 219 1284 279 FLOthC.
1743 217 1803 274 ml
1852 204 1855 209 ¹

126 354 292 415 confessoris
304 352 403 408 Christi
415 351 534 410 Posenni
551 351 690 424 precibus,
703 349 834 422 paulatim
846 364 934 404 mem·
948 352 973 420 Α
985 357 1132 408 cernentes
1145 350 1310 408 exstinctum
1330 346 1430 417 lilium,
1446 347 1476 402 in
1496 361 1554 420 quo
1574 351 1638 404 tota
1652 359 1725 416 spes
1737 360 1804 415 pen-

124 447 184 502 bris
205 443 367 515 sospitatem
394 443 522 497 amissam
538 441 747 513 recipientibus,
776 440 864 496 iactus
891 445 936 494 est
986 442 1070 500 debat
1092 446 1211 511 illorum,
1231 443 1364 517 quoniam
1385 444 1461 499 hunc
1485 443 1579 499 solum
1608 439 1806 514 possidebant,

125 539 283 605 incolumis,
306 548 397 611 grates
413 537 534 594 referens
549 536 666 593 llomino
683 535 748 592 lesu
768 535 873 591 Christo
887 548 935 590 se·
987 543 1094 594 nonest
1105 536 1288 594 faciledieere
1302 551 1372 607 qnos
1386 535 1529 591 ediderint
1539 533 1683 610 gemitus,
1697 539 1808 604 quantas

126 631 247 689 cundum
264 645 319 685 suae
330 629 455 685 scientiae
475 629 672 696 modulum,et
686 628 748 697 ejus
763 627 888 698 utrisque
903 625 937 678 li·
986 627 1107 685 fuderint
1120 630 1266 702 lacrymas,
1289 625 1482 683 inconsolabili
1499 627 1636 702 lugentes
1668 622 1808 688 moestitia,

127 723 246 781 delibus.
266 720 421 776 Permansit
436 727 527 775 autem
549 720 576 774 in
593 720 690 775 eodem
711 720 772 775 loco
786 734 837 789 per
851 717 937 772 multa
986 736 1068 793 quem
1097 719 1336 793 amplectebantur
1355 718 1505 775 dilectione
1532 717 1634 773 unica.
1657 715 1810 770 Metuentes

45 827 51 839 ·
127 816 263 882 tempora,
292 808 418 864 eeclesiae
434 808 547 864 servitio
563 808 746 880 mancipatus,
768 822 878 878 aquam,
893 806 939 861 ln·
987 825 1053 865 vero
1068 808 1186 865 futuram
1214 807 1415 865 discussionem
1429 807 1497 876 justi
1514 806 1627 877 iudicis
1652 803 1705 860 Dei
1728 804 1811 874 (erant

130 919 205 970 men,
227 909 255 959 et
271 918 388 974 qumque
407 902 442 956 ad
473 901 658 957 ministerium
672 901 766 956 altaris
781 905 859 955 ararit
874 899 937 955 ido·
987 897 1064 952 enim
1079 898 1222 969 timorati),
1242 896 1373 969 quoniam
1385 911 1450 968 spes
1462 895 1558 952 omnis
1569 893 1676 950 debita
1692 892 1811 962 corporis

130 1012 194 1062 noa,
205 995 501 1067 suppeditans3qucm
517 1010 567 1049 nos
582 994 664 1048 etiam
680 992 807 1065 pluribus
819 990 937 1047 annisid
988 989 1097 1047 sublata
1136 990 1236 1058 iuerat,
1260 991 1414 1047 tractabant
1438 991 1560 1064 qualiter
1589 989 1702 1044 animae
1728 987 1812 1058 ipsius

130 1085 257 1142 officiose
273 1091 450 1159 peragentem
467 1085 670 1156 perspeximus.
986 1080 1173 1149 consulerent,
1198 1087 1336 1153 quatenus
1363 1079 1569 1155 indulgentiam
1596 1078 1748 1134 inveniret
1768 1076 1811 1148 qni

167 1180 228 1236 Cre.
243 1180 352 1235 lllllllll.
370 1211 404 1220 -
414 1183 514 1250 Rupere
527 1184 612 1235 morte
624 1181 747 1249 punitus.
764 1179 903 1233 domnum
919 1191 937 1231 a
987 1179 1109 1228 extrema
1123 1189 1174 1230 sua
1189 1180 1243 1229 tam
1269 1172 1390 1244 pessime
1405 1172 1650 1244 precipitanerat.
1666 1170 1812 1240 assumpto

45 1328 50 1337 ,
85 1312 89 1319 .
128 1271 290 1342 parentibus
311 1272 475 1324 restitutum.
499 1269 579 1324 Calin
597 1284 790 1323 nasammonas
815 1268 938 1335 &suncti
988 1263 1073 1340 igitur
1088 1265 1322 1322 antissiodorensi
1345 1265 1482 1331 antistite,
1502 1262 1672 1323 venerabili
1688 1279 1758 1319 sane
1774 1263 1810 1316 ri·

130 1360 245 1414 oblatus.
263 1359 292 1413 ln
313 1358 452 1413 territorio
468 1357 629 1412 Navernensi
655 1355 794 1428 quoddam
824 1355 940 1410 babetur
989 1372 1031 1424 ro,
1061 1372 1123 1413 cum
1145 1358 1243 1432 grandi
1267 1362 1400 1430 apparatu
1426 1356 1645 1428 exsequiarum,
1669 1360 1700 1410 et
1721 1355 1812 1410 exani-

131 1458 261 1513 eastrum,
274 1450 368 1505 liuban
382 1458 583 1520 nuncupatum,
603 1450 630 1503 in
646 1447 779 1520 praerupti
796 1447 939 1515 enjusdam
990 1457 1064 1505 mato
1081 1447 1130 1504 lilii
1147 1450 1189 1505 sui
1217 1465 1333 1522 corpore
1352 1449 1504 1506 Florianum
1531 1453 1710 1520 properant.
1731 1447 1813 1503 lidro-

132 1543 211 1600 collis
236 1543 390 1599 cacumine.
421 1543 507 1611 liujus
531 1543 661 1598 dominus
682 1541 758 1614 lingo
786 1539 939 1608 dicebatur,
990 1541 1040 1597 lnti
1055 1550 1147 1597 autem
1169 1542 1286 1615 genibus
1305 1541 1428 1617 lingonis
1442 1543 1490 1614 (V.
1507 1557 1600 1612 supra
1616 1557 1688 1613 cop.
1710 1540 1751 1612 5),
1772 1540 1812 1614 qni

133 1643 271 1708 provectae
291 1635 381 1691 aetatis
397 1635 448 1691 vir.
467 1635 515 1691 llic
529 1634 615 1689 tilium
631 1640 776 1708 genuerat,
806 1632 940 1688 vocabulo
992 1631 1098 1686 tuncin
1115 1628 1812 1705 eodemlocoabbatisiungebaturefficientia·

68 1755 72 1763 .
132 1727 303 1795 Gauterium,
320 1727 513 1799 quijuvenilis
535 1728 585 1783 ansi
606 1724 869 1796 elatussupercilio,
889 1725 942 1780 mi·
990 1722 1045 1779 tius
1073 1723 1306 1798 congregationis,
1335 1724 1486 1795 implorant
1503 1722 1625 1780 vincula
1645 1731 1746 1779 reatus
1771 1722 1814 1777 de·

133 1835 185 1874 nus
199 1819 234 1874 de
250 1819 451 1891 omnipotentis
475 1820 523 1873 liei
548 1825 720 1890 pertractans
734 1817 883 1884 mandatis,
898 1831 943 1871 res
992 1814 1078 1872 luncti
1103 1815 1233 1888 precibus
1261 1831 1356 1872 eorum
1380 1815 1460 1884 solui,
1490 1821 1603 1871 eertum
1626 1822 1774 1881 tenentes,
1791 1815 1812 1869 in

132 1906 315 1962 ecclesiarum
330 1914 358 1962 et
378 1923 533 1978 pauperum
551 1907 656 1979 rapinis
679 1907 789 1962 inhians
809 1905 942 1976 diripere,
992 1913 1145 1976 conspectu
1161 1905 1262 1961 summi
1276 1904 1381 1962 iudicis
1406 1905 1494 1977 ipsius
1504 1904 1670 1961 laxandum
1700 1905 1812 1967 crimen,

134 2003 161 2051 et
172 1996 230 2050 siris
245 1996 273 2050 in
286 1995 665 2066 necessitatibuscxpcndere
679 1995 803 2051 ardebat.
813 1993 888 2048 Unde
900 2008 944 2046 ar·
993 1994 1015 2049 si
1030 1995 1132 2066 quibus
1146 1994 1221 2051 illata
1240 1995 1340 2065 injuria
1363 1994 1465 2063 iuerat,
1481 1995 1510 2050 in
1526 1995 1673 2068 praesenti
1689 2001 1749 2052 toto
1761 1995 1814 2050 aui·

134 2084 251 2139 bitratus
260 2085 380 2156 opimam
401 2084 436 2139 de
449 2084 505 2152 jam
519 2090 670 2140 memorata
681 2083 855 2154 possessione
868 2096 943 2152 prae·
994 2101 1039 2142 mo
1061 2087 1148 2159 ipsam
1163 2086 1435 2158 priusremitterens.
1461 2086 1544 2143 Unde
1568 2094 1598 2143 et
1625 2087 1746 2144 calicem
1770 2104 1812 2159 pu·

134 2181 196 2235 dam
220 2194 250 2234 se
275 2194 355 2250 posse
375 2178 524 2244 abducere,
553 2183 664 2248 propter
681 2175 885 2231 multitudinem
902 2172 945 2227 di·
996 2173 1099 2229 rissimi
1114 2175 1174 2230 auri
1190 2174 1288 2232 libram
1302 2176 1451 2233 habentem
1462 2177 1491 2232 in
1503 2176 1630 2233 dextera
1646 2175 1699 2233 filii
1716 2177 1758 2233 sui
1773 2193 1813 2248 po

134 2283 277 2324 versorum
297 2266 467 2334 animalium,
485 2282 546 2337 quaa
563 2266 590 2320 in
608 2265 708 2320 eodem
724 2270 803 2319 erant
819 2263 881 2319 loco
896 2266 946 2325 test
995 2272 1075 2332 nunt,
1106 2272 1133 2321 et
1157 2266 1232 2321 illum
1254 2282 1304 2338 pro
1327 2267 1487 2324 vadimonio
1511 2265 1657 2335 offerunt,
1685 2274 1812 2339 qnatenus

135 2359 211 2414 enim
226 2358 390 2413 alendorum
412 2355 571 2411 animalium
601 2362 775 2427 opportunus
797 2355 833 2410 ob
852 2351 947 2407 fertili·
996 2354 1192 2426 promptiorem
1209 2356 1319 2411 veniam
1344 2356 1438 2412 delicti
1453 2356 1496 2412 sui
1518 2357 1641 2429 assequi
1658 2363 1811 2421 mereretur,

134 2457 218 2507 tatem
242 2449 430 2522 pabulorum),
458 2447 606 2520 assumptis
634 2446 795 2503 cohortibus
821 2444 946 2516 equitum
996 2444 1020 2499 si
1035 2444 1157 2515 aliquam
1172 2445 1459 2516 recompensationem
1477 2459 1529 2516 pro
1547 2445 1718 2502 temeritate
1737 2445 1813 2517 ipsius

135 2557 184 2596 seu
201 2539 324 2610 peditum
345 2537 656 2608 devonitilluc,ueque
673 2530 946 2590 lteiveritusoffen·
997 2534 1183 2600 exsolverent,
1209 2535 1357 2591 credentes
1387 2535 1497 2606 quoties
1532 2535 1625 2592 ineo
1654 2535 1813 2592 sacrificium

134 2647 205 2699 snm,
235 2646 326 2702 neque
354 2629 441 2685 Patris
469 2629 555 2684 nostri
582 2627 723 2683 meritum.
743 2626 826 2681 Porro
846 2622 947 2680 accolae
997 2646 1112 2687 summae
1136 2630 1274 2686 divinitati
1297 2629 1453 2697 offerretur,
1481 2645 1675 2702 nequaqnam
1701 2631 1817 2701 ejusdem

134 2722 188 2779 loci
207 2722 295 2794 ipsius
322 2729 349 2777 01
363 2722 436 2778 circii
463 2720 547 2792 posili
577 2718 649 2773 ruris
664 2716 868 2788 compellentes
887 2715 948 2784 ejus
997 2723 1126 2781 sacrificii
1142 2725 1234 2797 ipsum
1260 2739 1323 2780 esse
1350 2731 1496 2779 exsortem¹
1520 2722 1640 2779 Fratres
1663 2725 1761 2796 itaque
1778 2723 1815 2795 pig

137 2811 263 2867 insanam
294 2810 465 2882 cupidinem,
494 2818 522 2864 ⁰¹
546 2809 778 2880 Ρθΐῑῑῐῃθὸθθῦῑθῦ
803 2804 947 2875 ὓθΡῑθὸΰῐΠ
998 2817 1179 2873 miseratione
1195 2817 1326 2888 permoti,
1343 2814 1514 2890 generaliter
1531 2830 1585 2887 pro
1602 2831 1642 2872 eo
1658 2815 1817 2872 sacrificium

135 2903 299 2974 praedonum
320 2916 477 2966 numerum,
500 2899 658 2954 asciverunt
682 2897 710 2951 in
733 2895 866 2951 auxilium
893 2893 947 2949 sibi
998 2906 1184 2977 omnipotenti
1199 2905 1317 2961 pomino
1333 2903 1505 2971 obtulerunt,
1536 2904 1653 2960 absolvi
1678 2911 1818 2977 poscente,

137 2994 281 3049 dominum
311 2992 405 3060 casiri,
426 2992 500 3063 (1¹10d
524 2991 625 3045 (Ῑῑθῑῑῦΐ
649 2986 946 3055 ὃθῃθῑῑῧῑῑθῦἰῑ,3οῑ·
998 2996 1084 3068 ipsius
1103 2995 1232 3064 offensas,
1256 3003 1284 3051 et
1303 2994 1368 3066 ipsi,
1385 2993 1541 3051 secundum
1572 2995 1819 3065 possibilitatema

136 3084 245 3139 berlum
263 3083 387 3149 Πθῐῐῑίηθ,
411 3090 553 3137 Sltssssutlffl
581 3096 648 3135 ⁸³¹¹ss
677 3087 730 3135 lam
751 3078 835 3133 almis
862 3093 945 3149 (luam
998 3085 1105 3142 Christo
1125 3084 1257 3141 fidelibus
1271 3084 1329 3140 suis
1345 3098 1517 3151 concessam,
1539 3084 1622 3156 quod
1650 3084 1681 3139 in
1696 3100 1746 3141 eos
1759 3083 1820 3139 deli-

137 3172 262 3228 ‘tonsillis
294 3171 395 3226 virum·
435 3170 485 3235 Qui
524 3169 639 3227 velleius
676 3183 788 3223 sumum
829 3182 946 3234 ⁰11ss00,
998 3185 1095 3247 querat
1123 3174 1316 3241 remittentes3
1349 3171 1526 3244 expletisque
1568 3172 1687 3229 funeris
1718 3175 1819 3230 honore

137 3272 265 3336 Ps0¹¹¹ll¹⁰
280 3279 375 3319 accurs
377 3263 397 3318 it
412 3263 516 3331 auimo,
540 3268 652 3334 lamus
679 3277 741 3316 ⁰⁰⁰¹
757 3261 809 3328 05⁸,
833 3260 857 3314 Si
872 3259 947 3331 quod
999 3267 1241 3344 congruooihciis,
1258 3265 1398 3340 genitores
1413 3281 1475 3322 cum
1500 3265 1658 3323 nobilibus
1671 3267 1741 3323 viris
1758 3282 1820 3339 ques

139 3353 308 3424 immlssefflh
328 3351 423 3407 While
445 3351 622 3423 diSPOssdiUffl
648 3367 699 3423 pro
726 3349 812 3405 pallis
835 3364 947 3420 imme·
1000 3364 1028 3419 in
1051 3379 1102 3419 suo
1125 3363 1280 3419 asciverant
1296 3361 1439 3429 comitatu,
1470 3360 1505 3416 ad
1530 3361 1653 3434 propria
1678 3361 1818 3423 dimisere,

138 3446 225 3501 lessd⁰
246 3443 388 3518 Sflfffflilib
412 3452 439 3500 θῑ
465 3443 619 3500 li⁰i¹¹0ll¹m
639 3445 686 3515 qui
709 3458 739 3497 ὅθ
764 3441 948 3513 θΧΡθῑῑθΓθΠῐ»
1000 3470 1055 3510 non
1068 3453 1236 3510 mediocrem
1261 3451 1480 3509 consolationem
1491 3451 1528 3507 de
1546 3453 1644 3508 salute
1655 3450 1709 3507 filii
1724 3452 1770 3508 sui
1783 3467 1821 3506 re-

140 3537 304 3593 commodis.
321 3536 465 3592 Gauterius
478 3536 571 3608 itaque
585 3551 732 3610 aggressus
747 3532 949 3589 Castellioncn-
1000 3551 1152 3616 portantes,

138 3646 194 3698 ses,
214 3629 459 3704 satagebatopcrc
482 3628 617 3700 perlicere
643 3627 717 3700 qnod
743 3632 950 3682 monteconee·
1036 3639 1101 3696 epp,
1122 3639 1248 3695 χχχγῃ,
1271 3670 1303 3679 ..
1331 3637 1471 3694 prfflspmeg
1499 3638 1610 3706 piperis
1630 3638 1712 3694 ,mdo
1738 3639 1823 3694 mg

140 3730 227 3796 Pssfflh
244 3723 377 3780 lsssiss⁰l³8
399 3723 529 3778 Videlicet
548 3726 860 3793 00f1¹ffltl¹¹⁰l¹⁰0⁰f³0¹
884 3732 950 3787 spo·
1001 3731 1158 3800 interiectis
1173 3729 1323 3802 aliquantis
1338 3743 1474 3785 annorum
1490 3728 1657 3797 curriculis,
1680 3727 1823 3784 contaede-

139 3817 176 3872 lia
189 3832 282 3872 secum
297 3816 445 3871 abducere.
459 3815 705 3871 llotbcrtusautem
721 3813 749 3868 ei
761 3811 871 3867 obviam
887 3824 951 3881 pro·
1002 3820 1052 3875 rati
1068 3820 1104 3875 de
1116 3819 1214 3876 eicinae
1227 3818 1354 3890 partibus
1367 3815 1533 3893 Burgundiae
1550 3817 1696 3872 adversus
1712 3817 1824 3872 eosdem

140 3924 326 3983 ill⁰⁵⁸1¹⁸ss¹¹m
346 3907 414 3976 suis,
435 3907 593 3977 ⁰⁰ssj⁰⁰cll⁸
613 3921 725 3978 <l1¹⁰<l110
753 3904 806 3959 Sibi
827 3903 952 3959 ¹⁰ss⁰l1¹¹¹¹
1003 3912 1245 3979 Castelliouenscs,
1275 3911 1387 3984 quidam
1415 3909 1562 3982 praedones
1592 3910 1827 3984 glomeraverunt

140 4002 344 4075 contiguorum⁴
359 3999 477 4068 colonis,
501 3998 628 4055 conferre
644 4015 705 4054 cum
722 4013 755 4054 eo
775 4013 830 4054 non
843 3995 953 4065 valens,
1004 4018 1060 4058 non
1075 4000 1213 4057 infirmam
1230 4016 1344 4056 manum
1369 3998 1532 4067 satellitum,
1548 3999 1680 4071 equitum
1703 4006 1734 4054 et
1749 3997 1825 4070 pedi·

142 4089 203 4158 ejus
220 4089 344 4143 timendo
369 4088 472 4158 copias,
502 4095 579 4161 terga
603 4089 692 4144 uertit.
724 4088 867 4144 Gauterius
886 4101 953 4159 crgo
1003 4103 1071 4154 tum,
1090 4095 1214 4152 Transito
1229 4103 1320 4152 autem
1334 4110 1416 4149 amne
1431 4092 1569 4168 ligerico,
1597 4092 1782 4149 diffuderunt
1799 4107 1825 4147 se

142 4199 207 4239 suos
222 4183 315 4238 multis
329 4182 499 4238 clamoribus
514 4184 685 4249 adhortatus,
705 4199 833 4255 equoque
848 4182 892 4238 cui
909 4182 953 4236 in·
1008 4203 1059 4259 per
1073 4202 1136 4242 rura
1149 4185 1183 4240 ad
1199 4184 1289 4256 ipsum
1309 4183 1443 4255 praedium
1458 4182 1643 4253 pertinentia.
1659 4182 1753 4238 Tanta
1768 4196 1826 4238 raro

142 4275 253 4331 sidebat
278 4275 431 4332 calcaribus
459 4275 573 4332 incitato
603 4275 691 4347 ipsum
711 4275 861 4347 perniciter
879 4275 957 4330 inse·
1007 4286 1067 4336 erat
1082 4276 1280 4334 illissecuritas
1293 4274 1496 4332 conlidentibus
1511 4274 1539 4329 in
1555 4290 1610 4331 sua
1631 4275 1825 4341 multitudine,

143 4369 248 4440 quitur.
265 4367 349 4432 Quom
365 4368 515 4425 lietbertus
528 4368 699 4441 jamjamque
714 4367 768 4423 sibi
784 4367 951 4438 appropian·
964 4351 994 4423 D
1005 4377 1033 4425 et
1044 4375 1119 4424 tanta
1133 4365 1289 4441 arrogantia
1302 4365 1338 4420 de
1353 4364 1453 4420 robore
1476 4370 1504 4418 et
1519 4363 1688 4434 aptitudine
1703 4381 1766 4420 suaa
1786 4364 1826 4432 ju·

142 4465 198 4513 tem
220 4473 350 4526 cernens,
373 4464 471 4530 utputa
497 4458 581 4514 moris
607 4465 650 4514 est
677 4456 857 4531 fugientium,
874 4456 953 4511 hesta
1003 4457 1135 4524 vontutis,
1147 4463 1177 4511 ut
1193 4470 1317 4512 scurram
1333 4468 1362 4508 se
1378 4449 1690 4523 praecedereiacerent,
1708 4452 1759 4524 qni
1771 4466 1825 4506 mn·

144 4564 228 4622 super
243 4550 388 4605 humerum
403 4551 517 4622 rejecta,
533 4548 637 4605 serrum
653 4549 737 4605 hastan
752 4547 880 4619 sequenti
905 4562 953 4618 op·
1003 4546 1060 4602 sico
1073 4545 1257 4601 instrumento
1280 4559 1324 4599 res
1338 4541 1446 4598 fortiter
1460 4546 1553 4616 gestas
1563 4547 1595 4596 et
1608 4541 1745 4613 priorum
1759 4541 1825 4597 bella

141 4645 244 4716 posuit.
258 4645 291 4700 llt
301 4644 348 4701 ille
362 4652 479 4702 conatus
492 4645 580 4700 hostis
593 4660 769 4717 nequaquam
782 4641 948 4714 praevidens,
1003 4639 1178 4712 preciperet,
1195 4645 1332 4710 quatenus
1345 4635 1389 4691 his
1403 4630 1493 4690 acrius
1516 4632 1716 4690 incitarentur
1739 4635 1774 4691 ad
1797 4650 1825 4689 ea

142 4736 208 4792 dum
223 4737 361 4793 incautius
376 4739 510 4812 attingere
533 4754 597 4794 eum
613 4753 685 4810 equo
708 4737 836 4803 ardescit,
851 4737 879 4791 in
893 4735 952 4792 ier·
1004 4731 1173 4807 protegenda,
1192 4746 1254 4803 quae
1271 4729 1393 4803 maligno
1413 4733 1605 4799 conceperant
1623 4727 1743 4786 animo.
1769 4727 1824 4783 lirat

143 4845 203 4885 rum
219 4831 288 4898 ruit,
317 4829 392 4902 qnod
417 4830 519 4905 gnrtturi
548 4830 622 4885 illius
646 4830 817 4895 immersum,
846 4829 953 4900 absque
1002 4833 1094 4881 autem
1109 4823 1275 4896 praepositus
1305 4821 1393 4893 ipsius
1412 4819 1601 4892 possessionis
1617 4821 1825 4877 constitntnaa

143 4922 277 4979 ditatione
292 4922 347 4978 vta
363 4923 490 4995 privavit.
506 4923 637 4979 videntes
657 4938 721 4978 vero
739 4921 873 4978 satellites
892 4921 953 4990 etus
1003 4912 1135 4968 tratribus
1155 4927 1188 4968 00
1203 4920 1326 4982 tempore
1341 4907 1506 4982 quidamvir
1530 4906 1651 4978 probus,
1671 4909 1826 4965 Aimericus

143 5011 286 5068 dominum
307 5028 386 5067 suum
403 5012 601 5081 exanimatum,
617 5010 767 5067 ululatibus
787 5026 891 5079 aorem,
911 5012 953 5066 la·
1004 5005 1149 5073 vocabulo,
1166 5003 1224 5076 qni,
1238 5002 1334 5059 mundi
1351 5000 1453 5057 relictis
1468 4999 1589 5072 pompis,
1610 5009 1768 5074 assumpto
1787 5002 1827 5056 ha·

143 5104 245 5176 crymis
264 5120 352 5179 genas
367 5105 523 5177 opplentes,
540 5103 664 5159 humeris
684 5119 785 5174 corpus
803 5102 953 5174 imponen-
1005 5098 1064 5155 bitu
1077 5096 1250 5161 monachico,
1269 5092 1454 5166 omnipotenti
1472 5091 1593 5148 llomino
1615 5092 1701 5149 fideli
1719 5093 1828 5149 lamule

143 5207 185 5251 tes
200 5195 277 5251 abire
294 5202 441 5251 maturant.
465 5195 613 5251 Miserante
631 5194 692 5265 ipso
714 5193 793 5261 cuijus
812 5193 955 5249 interierat
1006 5193 1086 5248 batur
1100 5189 1247 5263 obsequio,
1264 5189 1334 5244 Patri
1358 5186 1509 5244 Benedicta
1529 5186 1557 5241 in
1583 5185 1642 5242 sibi
1668 5186 1828 5245 commissis

143 5286 227 5348 ierro,
245 5287 511 5359 illisquoquequos
533 5286 683 5357 praedatum
714 5293 838 5348 venerat,
855 5300 954 5340 coneo·
1006 5285 1128 5340 existens
1141 5280 1244 5354 jugiter
1258 5278 1358 5334 fidelis.
1381 5276 1437 5344 llic,
1454 5285 1606 5348 antequam
1631 5284 1749 5335 uestem
1770 5294 1827 5333 mu-

144 5375 277 5430 dentibus
297 5375 412 5431 liberam
432 5375 557 5449 fugiendi
580 5376 699 5447 copiam,
721 5376 872 5449 laudesque
894 5390 956 5446 pro·
1006 5380 1101 5440 tasset,
1117 5370 1269 5428 sacerdotis
1289 5367 1457 5444 fungebatur
1475 5365 1590 5436 officlo;
1620 5369 1670 5425 cui
1696 5370 1785 5427 ricini
1803 5377 1827 5423 et

144 5465 329 5520 clamantibus
348 5467 533 5539 omnipotenti
561 5468 628 5533 Deo,
644 5474 737 5542 grates
755 5467 825 5522 Patri
841 5468 956 5523 Benedi-
1006 5464 1052 5538 qui
1069 5479 1131 5520 enm
1152 5466 1286 5518 novemnt
1304 5458 1492 5517 testimonium
1508 5457 1685 5517 deferebant
1706 5459 1827 5537 legitime

138 5559 192 5618 eto,
210 5559 366 5627 sanctoque
383 5556 537 5615 confessori
552 5556 681 5614 l’nsenno
694 5555 729 5611 de
742 5562 798 5611 tam
810 5555 892 5611 celeri
904 5557 956 5611 ho·
1005 5559 1210 5621 conversatum,
1236 5550 1360 5623 quandiu
1392 5550 1420 5606 in
1450 5547 1599 5605 clericatus
1626 5553 1825 5621 permanserat

121 5639 416 5710 stissuimultatione.
426 5650 645 5712 Genitorautcm
652 5648 831 5727 genitrixque
839 5646 968 5706 deiuueti
1015 5655 1101 5708 anate.
1113 5647 1226 5716 ltaque,
1247 5642 1401 5714 phalanges
1421 5639 1563 5711 rapacium
1592 5639 1727 5703 effractis
1744 5641 1826 5702 doni
