3720 6014
93 229 148 287 8³5
720 223 894 279 cvruovreu
915 222 1126 279 rocououun.
1718 221 1772 277 aa,

95 368 180 426 catos,
201 374 282 430 quam
300 357 397 411 lrabeat
415 357 447 390 000
462 365 555 411 nostro
576 357 609 390 000
630 363 755 426 tempore
770 361 827 411 tota
848 354 902 412 Po·
913 357 942 427 Α
953 353 1102 426 quebatur,
1122 332 1253 425 quantam
1269 350 1331 421 ejus
1351 350 1475 422 probitas
1488 357 1516 406 et
1531 350 1694 406 liberalitas
1717 365 1777 407 me·

95 446 169 504 lonia
178 446 325 517 clipeatos:
338 453 462 516 tempore
476 443 611 500 Bolezlavi
623 443 738 500 lotidem
750 443 777 499 in
789 443 903 500 Polonla
953 445 1074 502 rebatur.

62 526 66 535 ¹
94 540 151 597 scre
166 540 201 574 000
217 538 318 594 milites
338 537 522 607 habebantur,
539 544 607 609 quot
626 538 753 593 homiues
767 536 902 611 cujusque
1045 541 1086 596 td.
1102 539 1137 574 ³⁰⁰
1151 543 1188 595 lle
1208 541 1305 609 prelio
1324 539 1443 594 Rakatai
1455 554 1515 594 cum
1528 540 1678 596 ltntbeais.

94 630 206 704 generis
223 635 316 684 nostro
329 634 455 699 tempore
471 625 658 682 continentur.
988 630 1041 686 Sed
1061 629 1111 684 isla
1141 627 1288 684 memorari
1315 627 1498 699 subsequenti
1525 627 1629 702 pagina
1652 626 1773 684 differa-

166 722 193 776 o.
210 723 248 777 De
259 722 359 775 virtute
371 724 396 775 et
412 720 552 774 nobilitate
563 720 830 777 Gloriosillolealuoi.
953 739 1025 789 mus,
1050 732 1078 778 ot
1092 721 1232 794 quoddam
1250 721 1311 792 ejus
1329 720 1452 792 praelinm
1472 720 1595 777 novitate
1611 720 1684 777 lacti
1708 722 1775 777 satis

130 813 194 869 llaec
213 819 272 869 erat
286 811 421 867 bolezlavi
435 811 509 884 regis
524 811 559 846 000
581 812 786 884 magnificentia
799 811 903 867 milita-
953 809 1134 867 memorabile
1157 809 1190 844 000
1207 808 1369 874 reseramus,
1385 824 1418 863 ex
1438 808 1518 878 cujus
1532 808 1572 865 rei
1601 809 1773 866 considera·

95 907 143 973 ris,
160 921 212 961 nec
226 903 341 960 inferior
356 903 382 958 ei
399 909 457 959 erat
475 902 560 959 virtus
574 903 741 960 obedientiae
754 903 904 976 spiritualis
954 898 1031 956 tione
1056 897 1239 954 bumilitatem
1268 896 1408 969 superbiae
1431 895 1622 968 praeleranrus.
1647 896 1773 975 Contigit

94 998 139 1032 000·
157 997 308 1070 Episcopos
335 996 438 1068 quippe
467 1010 587 1067 suosque
599 996 757 1068 capellanos
785 996 904 1052 intanta
953 994 989 1028 000
1004 1009 1123 1066 namque
1137 1007 1193 1049 uuo
1208 992 1364 1065 codemque
1380 998 1504 1064 temporo
1520 993 1703 1050 bolezlavum
1724 1010 1770 1051 re·

95 1087 275 1145 veneratione
301 1087 451 1153 retinebat,
473 1086 546 1158 qnod
566 1087 607 1141 eis
632 1087 789 1143 astantibus
802 1088 901 1144 sedere
953 1101 1015 1157 gem
1028 1085 1149 1153 llusiam,
1162 1083 1354 1139 liuthenornm
1368 1099 1433 1140 vero
1456 1099 1549 1159 regern
1563 1084 1769 1153 ³⁰⁵Poloninm‚

95 1198 151 1238 non
167 1180 363 1253 presumebat,
377 1196 430 1236 nec
448 1195 496 1235 eos
510 1179 591 1235 aliter
605 1196 687 1251 quam
703 1180 832 1237 dominos
850 1197 902 1252 ap·
952 1184 1069 1247 utroque
1085 1175 1119 1230 de
1134 1174 1222 1230 altero
1237 1174 1271 1208 000
1288 1174 1443 1243 nesciente,
1468 1174 1609 1231 hostiliter
1623 1175 1769 1243 introisse,

96 1271 215 1342 pelabat,
227 1271 313 1325 Deum
332 1284 398 1325 vero
410 1284 517 1324 summa
529 1268 631 1340 pietate
645 1268 764 1337 colebat,
778 1277 901 1325 sanctam
953 1279 1057 1336 eosque
1077 1280 1161 1335 super
1175 1262 1288 1317 ssuvium
1316 1262 1434 1318 alterum
1454 1262 1483 1318 in
1512 1263 1629 1319 alterins
1646 1265 1768 1322 termino

95 1362 239 1417 ecclesiam
254 1361 400 1427 exaltabat,
417 1376 534 1432 eamque
560 1359 640 1415 donis
665 1361 805 1435 regalibus
818 1363 901 1418 ador·
953 1358 1085 1433 regionis,
1095 1357 1259 1427 interposito
1270 1355 1494 1421 llumine,castra
1504 1357 1612 1414 militiae
1622 1361 1768 1430 posuisse.

96 1449 179 1508 nabat
188 1450 233 1505 000.
250 1448 374 1504 ilabebat
388 1447 470 1504 otiam
485 1455 619 1520 praeterea
630 1448 768 1521 jquiddam
786 1448 901 1518 justitiae
953 1449 1076 1522 Cumque
1090 1450 1249 1506 nunciatum
1265 1457 1339 1507 esset
1366 1450 1556 1506 Ruthenorum
1580 1452 1652 1524 regi,
1670 1454 1767 1510 Bolez·

97 1557 226 1615 magnum
251 1548 279 1595 et
308 1539 471 1596 humilitatis
497 1539 617 1611 insigne,
647 1539 721 1612 quod
747 1540 902 1612 siquando
953 1538 1042 1595 lavum
1066 1539 1138 1596 ultra
1159 1539 1216 1608 jam
1252 1539 1366 1595 liuvium
1401 1538 1581 1607 transivisse,
1610 1540 1699 1615 inque
1724 1544 1768 1598 sni

95 1635 215 1695 rusticus
230 1649 334 1706 pauper
353 1633 397 1689 vel
412 1633 574 1690 muliercula
593 1635 725 1707 quaelibet
745 1637 779 1691 de
802 1637 900 1708 quovis
953 1628 1030 1701 regni
1050 1627 1173 1685 confinio
1200 1629 1235 1665 ⁸⁰⁵
1249 1645 1311 1685 cum
1332 1630 1454 1685 exercitu
1480 1630 1655 1702 consedisse,
1671 1633 1768 1689 existi-

95 1723 165 1778 duce
180 1721 310 1778 videlicet
335 1722 370 1757 000
389 1721 433 1777 vel
458 1723 558 1778 comite
578 1730 752 1795 quereretur,
775 1680 1030 1796 quamvtsssmnns
1045 1737 1093 1775 rex
1114 1720 1234 1777 insulsus
1256 1737 1286 1776 se
1311 1721 1391 1793 quasi
1416 1720 1502 1776 leram
1531 1722 1567 1756 000
1589 1723 1619 1777 in
1638 1724 1768 1782 rethibus

95 1818 168 1867 osset
192 1812 299 1886 magnis
318 1810 437 1885 negotiis
456 1819 617 1883 occupatus,
637 1813 900 1885 multisqnecuneis
949 1827 1012 1867 curn
1035 1828 1086 1875 sua
1118 1812 1294 1868 multitudiue
1324 1812 1503 1879 conclusisse,
1534 1815 1716 1884 proverbium
1739 1818 1766 1874 ei

96 1911 123 1960 et
137 1911 295 1981 magnatum
311 1912 340 1959 ct
353 1904 388 1938 000
412 1903 531 1959 militum
551 1905 732 1977 constipatus,
752 1920 808 1961 non
824 1905 900 1976 prins
950 1919 1056 1978 magnae
1071 1903 1209 1974 superbire
1228 1903 1312 1975 capiti
1337 1919 1388 1960 suo
1417 1906 1636 1977 retorquendum
1657 1907 1763 1965 dicitur

94 2016 124 2055 sa
139 1999 173 2054 de
189 1999 250 2054 loco
264 1978 417 2055 dimoverit
430 1999 475 2063 000,
500 1997 592 2054 donec
615 2015 726 2055 causam
746 2014 779 2054 ex
802 1999 899 2055 ordine
951 1995 1147 2051 mandavisse:
1163 1998 1274 2054 Noverit
1292 2012 1319 2052 se
1338 1997 1478 2052 bolezlaus
1496 2002 1630 2068 tunquam
1643 2015 1720 2056 suem
1732 2004 1763 2056 in

94 2088 290 2160 conquerentis
313 2087 489 2155 auscultaret,
514 2097 542 2143 et
556 2103 604 2159 pro
629 2088 676 2144 illo
702 2089 737 2145 de
756 2105 810 2162 quo
831 2105 901 2161 que·
949 2088 1091 2142 volutabro
1102 2089 1216 2144 cervibus
1230 2089 1297 2143 rums
1316 2093 1340 2142 et
1352 2088 1525 2144 cermtoribas
1540 2091 1763 2148 circumclusam.

94 2178 204 2233 rebatur
229 2177 410 2232 camerarium
439 2176 675 2243 transmandaret;
697 2177 807 2233 interim
835 2193 899 2234 vero
949 2180 989 2237 ld
1017 2182 1077 2236 baec
1096 2197 1142 2237 rer
1171 2180 1319 2237 Polonicus
1338 2181 1372 2215 000
1404 2181 1591 2236 remandavit:
1617 2184 1702 2252 Bene,
1721 2183 1765 2238 in-

94 2271 184 2343 ipsum
195 2267 898 2342 conquerentemalicuifidelisuocommendabat,
950 2271 1070 2345 quit³⁰⁸,
1102 2285 1178 2326 raam
1192 2273 1222 2326 ia
1236 2270 1379 2325 volutabro
1395 2272 1636 2341 nominasti,qaiu
1655 2274 1688 2328 iu
1702 2288 1768 2329 aon·

93 2361 140 2433 qui
156 2376 219 2415 eum
236 2364 395 2430 procuraret
418 2358 530 2431 sibique
550 2374 659 2414 causam
679 2359 836 2416 adversario
852 2361 901 2415 ad·
949 2365 1030 2432 quiae
1041 2362 1219 2417 ³⁰⁰serenioris
1234 2377 1384 2432 coriumque
1400 2361 1560 2427 ³¹⁰tuorum,
1570 2361 1601 2416 id
1614 2366 1654 2418 ert
1666 2363 1766 2418 danen

94 2450 223 2507 veniente
238 2455 410 2524 suggereret,
426 2453 453 2503 et
472 2447 512 2502 sic
527 2448 659 2503 rusticum
677 2447 756 2520 quasi
772 2456 850 2520 pater
865 2449 899 2504 ll·
949 2456 974 2507 et
988 2452 1107 2506 militum
1135 2450 1181 2519 000,
1192 2451 1275 2522 pedes
1300 2465 1430 2521 sqrtorum
1449 2465 1566 2505 meorum
1579 2451 1713 2520 inficimn,
1740 2459 1766 2508 et

93 2544 160 2600 lium
176 2542 354 2609 admonebat,
369 2557 404 2597 ne
417 2542 560 2597 absentem
576 2542 636 2597 sine
651 2557 735 2597 cause
745 2549 897 2610 accusaret,
949 2549 1048 2600 terrain
1062 2548 1139 2599 tuum
1151 2546 1175 2598 et
1189 2543 1314 2598 ciuitates
1336 2557 1384 2596 ceu
1407 2541 1441 2577 000
1456 2544 1530 2610 serus
1553 2543 1707 2611 simoniacis
1730 2542 1765 2578 000

93 2642 121 2691 et
137 2651 172 2690 ne
188 2634 288 2704 injuste
303 2633 501 2706 conquerendo
517 2633 582 2688 iram
599 2650 681 2705 quam
702 2634 779 2690 alteri
795 2634 898 2691 conlla-
949 2638 1093 2706 depascam
1118 2633 1174 2689 lliis
1200 2632 1292 2689 verbis
1313 2632 1348 2667 000
1363 2633 1504 2705 utrimque
1524 2634 1704 2702 renuntiatis,
1718 2635 1765 2691 die

95 2729 141 2784 bat
155 2727 267 2783 sibimet
282 2726 333 2797 ipsi
349 2725 512 2782 cumularet.
537 2726 591 2782 Noc
605 2735 748 2782 accusatus
767 2727 899 2783 citissime
950 2727 1079 2800 sequenti
1095 2726 1287 2798 sollempnitas
1301 2726 1475 2794 imminebat,
1491 2742 1574 2799 qnam
1601 2728 1636 2762 000
1650 2743 1700 2783 rex
1713 2727 1766 2784 llo-

93 2824 207 2875 vocatus
222 2816 316 2872 venire
328 2813 482 2883 differebat,
498 2830 551 2870 nec
566 2814 639 2870 diem
656 2831 671 2869 a
686 2830 751 2889 rege
766 2814 901 2870 constitn-
950 2819 1071 2874 lezlavus
1085 2817 1275 2874 celebraturus
1291 2816 1336 2884 000,
1353 2816 1380 2870 in
1401 2816 1476 2872 diem
1493 2824 1597 2872 certum
1612 2816 1645 2851 000
1657 2816 1763 2873 bellum

94 2921 149 2966 tum
158 2908 281 2982 qualibet
296 2909 440 2965 occasione
456 2907 624 2978 preteribat.
649 2906 818 2962 adveniente
834 2922 899 2962 vcro
951 2911 1123 2968 committere
1141 2908 1296 2966 differebat.
1314 2909 1350 2964 llo
1373 2924 1492 2981 namque
1507 2908 1553 2964 die
1572 2908 1707 2964 animalia
1722 2909 1764 2964 in·

92 2999 230 3072 principe,
247 2997 484 3069 proquomissum
498 2996 597 3063 luerat,
614 3012 668 3052 non
684 3011 714 3051 se
726 2996 766 3051 illi
779 2995 898 3068 maligne
950 3001 1134 3058 numerabilia
1162 3001 1366 3068 mactabantur,
1382 3016 1445 3072 quae
1465 2999 1593 3071 sequenti
1609 2999 1767 3071 solempni-

91 3090 127 3124 ¹⁸⁸
145 3093 313 3145 commotum
328 3085 501 3150 Ostendebat,
524 3086 573 3140 sed
598 3085 681 3141 alacri
701 3103 763 3142 eum
781 3095 808 3143 ⁰2
832 3084 899 3143 affa-
949 3095 1049 3152 tatead
1068 3110 1192 3150 mensam
1213 3093 1297 3166 regis,
1312 3092 1518 3149 cumomnibus
1530 3091 1572 3146 sui
1589 3092 1766 3163 principibus

92 3183 143 3240 bili
155 3182 230 3240 vultu
246 3181 395 3253 recipiens,
409 3181 444 3236 ad
460 3197 583 3236 mensam
601 3181 745 3248 invitabat,
759 3199 851 3255 neque
866 3199 899 3239 ea
949 3183 1103 3241 comessuri
1128 3183 1174 3251 000,
1207 3197 1283 3237 more
1309 3181 1393 3238 solito
1423 3182 1601 3253 parabantur.
1629 3181 1769 3237 Omnibus

89 3272 149 3340 die,
175 3271 224 3328 sed
250 3270 378 3344 sequenti
407 3271 450 3327 vel
478 3270 556 3328 tertia
585 3287 694 3326 causam
723 3271 897 3329 discutiebat.
950 3272 1142 3346 itaquecocis,
1159 3270 1314 3344 inquilinis,
1341 3270 1547 3342 apparitoribus
1570 3270 1617 3337 ³¹⁹,
1631 3271 1764 3342 parasitis

88 3365 189 3438 Siequc
209 3364 357 3437 diligenter
375 3379 431 3418 rem
459 3364 589 3436 pauperis
613 3371 643 3418 ut
668 3363 786 3436 alicuius
805 3369 897 3441 magni
949 3372 1087 3418 exercitus
1106 3360 1140 3415 ad
1167 3358 1329 3414 animalium
1358 3375 1456 3414 carnes
1481 3366 1509 3415 et
1532 3367 1595 3414 exta
1619 3360 1767 3433 purganda

90 3456 225 3530 principis
252 3457 437 3529 pertractabat
462 3457 506 3511 000.
528 3456 663 3531 Omagna
687 3457 815 3517 discretio
840 3478 897 3517 ma·
948 3466 1033 3522 ⁵¹1l¹er
1048 3451 1134 3522 0οΡ0000
1150 3447 1274 3503 fluminis
1285 3447 1469 3522 ⁰0⁰ill0ti³li⁵2
1482 3463 1515 3502 0¹
1530 3447 1617 3503 010008
1631 3447 1693 3519 ripa
1711 3448 1768 3504 Ru·

89 3563 198 3620 gnaque
215 3544 348 3618 perfectio
363 3545 519 3602 Bolezlavil
536 3548 582 3618 qni
594 3562 741 3618 porsonam
754 3548 897 3619 injudicio
949 3547 1093 3601 tirenorum
1111 3542 1229 3599 clientes
1251 3549 1278 3597 et
1292 3541 1421 3615 armigeri
1437 3542 1566 3597 clamosis
1585 3541 1703 3598 vocibus
1720 3543 1766 3598 in·

89 3661 145 3700 non
160 3642 297 3709 sorvabat,
313 3641 368 3714 'qui
385 3642 518 3713 populum
539 3648 613 3696 tanta
637 3641 743 3710 iustitia
757 3644 897 3717 guberna·
947 3636 1096 3704 saltabant,
1114 3650 1219 3707 cosque
1233 3634 1375 3706 probrosis
1398 3633 1511 3704 iniuriis
1528 3635 1563 3689 ad
1588 3634 1766 3692 iracundiam

89 3733 146 3800 bat,
158 3731 205 3804 qui
218 3732 350 3787 honorem
365 3729 532 3785 ecclesiaeac
546 3737 645 3784 statum
661 3740 740 3786 terrae
753 3732 779 3787 in
789 3748 897 3789 summo
947 3732 1132 3789 lacessebant.
1150 3729 1192 3785 llli
1208 3745 1273 3786 vero
1288 3729 1373 3784 nicbil
1402 3729 1511 3799 iujuriae
1536 3730 1704 3787 econtrario
1719 3747 1767 3788 re-

87 3823 207 3880 culmine
224 3821 361 3877 retinebat
386 3821 495 3876 lustitia
510 3820 640 3876 nimirum
664 3823 698 3858 000
719 3834 746 3879 ct
766 3824 897 3896 equitate
947 3822 1124 3896 spondebant
1136 3822 1184 3877 sed
1201 3820 1394 3876 intestinorum
1409 3821 1506 3876 sordes
1525 3829 1553 3875 et
1568 3819 1681 3876 inutilia
1694 3837 1767 3878 con·

87 3911 122 3945 000
136 3911 169 3964 ad
184 3911 256 3964 hanc
269 3907 428 3963 llolezlavus
442 3908 558 3980 gloriam
574 3917 602 3964 et
617 3909 782 3984 dignitatem
797 3930 897 3970 ascen·
913 3952 916 3963 ·
947 3925 989 3973 tra
1004 3932 1100 3972 corum
1118 3916 1215 3973 oculos
1231 3930 1280 3986 pro
1297 3914 1399 3984 injuria
1413 3914 1553 3983 iaciebant
1568 3913 1615 3967 ⁸¹⁰.
1637 3913 1765 3989 Cumque

88 3999 138 4066 dit,
155 3998 256 4071 quibus
271 3996 418 4051 virtutibus
433 3996 511 4052 initio
532 3999 654 4068 potentia
670 3999 856 4056 Romanorum
870 4013 897 4058 el
948 4012 1068 4067 llutlreni
1083 4010 1170 4083 magis
1183 4025 1232 4066 eos
1246 4008 1392 4082 magisque
1407 4008 1585 4065 contumeliis
1599 4009 1766 4076 incitarent,

88 4087 235 4161 0000100οῑ000
260 4086 391 4142 00000000·
419 4087 505 4143 Tama
530 4087 643 4155 00000000,
671 4095 744 4145 0000000
773 4093 897 4163 potentia
947 4112 975 4160 et
989 4103 1085 4178 sagitis
1099 4103 1181 4158 etiam
1201 4100 1292 4157 acrius
1306 4100 1481 4167 infestarent,
1502 4101 1619 4157 canibus
1640 4101 1674 4136 000
1692 4119 1767 4175 quos

87 4184 218 4249 tantaque
235 4174 349 4232 victoria
364 4191 455 4248 regem
474 4175 646 4231 bolezlavum
669 4177 741 4233 [tons
761 4181 895 4253 omnipo·
946 4193 981 4228 ³¹¹
997 4193 1129 4248 ponebant
1149 4189 1301 4261 avibusque
1315 4188 1426 4244 omissis
1445 4189 1490 4251 ³²³,
1506 4205 1569 4244 oum
1582 4188 1668 4244 armis
1692 4191 1768 4247 mpii.

2 4342 7 4363 ι
87 4279 149 4326 tens
164 4267 313 4333 decoravit.
330 4276 460 4340 quantam
474 4267 535 4337 ejus
548 4268 698 4325 bonitatem
719 4278 746 4326 et
759 4273 895 4341 justitiam
947 4292 1005 4339 oum
1019 4281 1046 4336 in
1062 4279 1217 4335 meridiana
1231 4278 1266 4312 ³⁵⁸
1281 4277 1334 4349 (79)
1355 4277 1553 4333 dormientium
1569 4276 1653 4333 fluvio
1669 4286 1767 4334 orans.

87 4383 153 4442 erga
167 4381 196 4420 se
220 4365 310 4435 ipsum
331 4370 358 4419 et
378 4363 506 4419 homines
523 4365 692 4440 recognovit,
712 4377 785 4423 lanta
809 4343 1051 4442 gloriaDnauuo,
1068 4370 1204 4427 Bolezlavi
1221 4369 1404 4442 parasitorum
1424 4369 1562 4425 exercitus
1593 4368 1648 4439 (80)
1676 4386 1770 4442 super

88 4458 273 4526 Bolezlavum,
292 4463 366 4512 tanta
382 4473 472 4512 rerum
489 4455 568 4528 copia
592 4464 721 4531 tantaque
742 4459 836 4516 laetitia
851 4478 896 4516 se·
948 4470 1022 4518 tanta
1040 4461 1229 4517 Rulbenornm
1244 4456 1421 4513 multitudine
1434 4457 1623 4528 triumphavit.
1637 4458 1767 4514 Bolezla.

759 4569 868 4625 lellAE
886 4570 1065 4627 tucttottts

125 4670 514 4741 ²⁸ilrnbebatcrutscriplunr.
531 4670 792 4727 bemauamoroth
812 4681 943 4731 corrector
964 4675 1068 4731 aomvit
1083 4680 1216 4742 tuaquom
1229 4683 1380 4725 meream.
1417 4667 1451 4701 000
1464 4667 1541 4737 juxta
1553 4667 1579 4722 3.
1609 4666 1673 4721 00οἰ.
1691 4667 1721 4723 Ρ.
1745 4667 1765 4724 i.

91 4748 275 4847 troiuggonaat
299 4745 329 4796 in
355 4742 373 4797 l.
410 4742 417 4796 i
459 4742 486 4796 P.
520 4742 546 4796 Ξ.
572 4742 640 4798 elil.
695 4744 729 4778 000
743 4745 813 4799 deest
833 4744 859 4801 3.
915 4746 1033 4800 ¹⁹¹slal.
1059 4744 1085 4801 3.
1141 4741 1363 4796 ²⁹²udorabatt.
1422 4738 1536 4794 ²⁹³deest
1559 4739 1585 4793 3.
1640 4738 1676 4773 000
1691 4741 1766 4797 deest

88 4820 117 4876 Ρ,
180 4813 404 4870 tdemevebare.
443 4813 477 4848 000
490 4813 611 4888 maligno
627 4815 652 4868 l.
668 4815 695 4869 Ρ.
733 4815 767 4849 000
782 4816 833 4870 bec
856 4823 898 4871 est
918 4816 1030 4886 justicia
1045 4814 1193 4920 eloquitur,
1218 4810 1334 4867 Boleslai
1350 4810 1593 4891 udditlrocloco3.
1616 4812 1765 4868 emetienda

87 4893 191 4958 relique
208 4886 290 4953 bajus
308 4886 431 4954 capituli.
467 4885 501 4919 000
517 4889 556 4939 itu
570 4887 677 4941 videtur
698 4888 840 4956 lacendum
854 4888 941 4957 proin
957 4889 1069 4942 mirum.
1101 4887 1191 4940 ‘tua
1207 4884 1293 4939 omlis
1306 4882 1420 4937 iusticia
1435 4897 1462 4936 rn
1478 4896 1578 4936 mirum
1595 4891 1622 4935 et
1637 4881 1763 4953 equitate

86 4961 177 5032 effecit
195 4962 326 5012 corrector
337 4957 435 5011 additis
458 4956 560 5011 diebus
576 4959 664 5014 aaron
678 4962 902 5029 superpositoque
916 4961 994 5016 lineis
1009 4961 1077 5014 daus
1089 4957 1222 5028 paedor:
1248 4953 1392 5009 iusticiam
1408 4953 1435 5007 in
1463 4952 1564 5009 mirum
1591 4951 1705 5008 modum
1730 4959 1763 5009 et

88 5031 239 5106 equitatem
261 5027 393 5102 diligebat
415 5026 441 5081 Ρ.
480 5026 587 5082 ³⁰⁰llcm
614 5031 779 5099 preponit3
829 5030 1011 5101 ⁸⁰¹quoddam
1034 5038 1126 5084 nutem
1154 5027 1255 5082 lactum
1282 5024 1415 5080 memoria
1439 5023 1552 5098 dignum
1552 5039 1615 5128 ,W
1629 5023 1763 5104 Sed'ista

90 5099 309 5160 -memorabile
333 5097 360 5154 3.
402 5097 436 5133 000
450 5097 586 5170 contingit
603 5099 630 5155 Ρ.
669 5101 704 5135 000
717 5103 788 5158 deest
812 5101 838 5155 3.
876 5102 977 5158 ³⁰‘alio
992 5102 1018 5159 3.
1055 5100 1089 5133 000
1103 5097 1224 5155 confinia
1243 5099 1270 5152 3.
1305 5096 1340 5130 000
1354 5095 1467 5167 predam
1482 5094 1507 5152 3.
1577 5093 1717 5150 ⁷Polome
1732 5094 1762 5152 3.

86 5170 381 5245 utinquamllnqe.
422 5170 679 5242 ³⁰⁹sanguinem2.
734 5173 769 5208 000
781 5178 1091 5230 canumetvenatorum
1105 5185 1190 5241 prov.
1207 5185 1230 5226 c.
1247 5169 1273 5223 3.
1325 5167 1521 5223 ⁸¹¹tnorum3.
1565 5165 1764 5223 ³¹¹ilnemen·

86 5247 149 5302 duel
175 5260 237 5299 euni
260 5243 285 5297 l.
314 5243 340 5297 Ξ.
365 5243 391 5297 3.
422 5242 448 5296 Ρ.
492 5240 601 5296 ³¹³feris
619 5242 807 5316 singularibus
829 5260 879 5314 pro
903 5243 921 5300 l.
937 5246 993 5300 s.3
1047 5243 1082 5277 000
1096 5241 1169 5298 veris
1183 5244 1321 5297 nonrecte
1336 5239 1359 5294 l.
1410 5238 1445 5273 000
1458 5237 1583 5293 solemne
1596 5235 1763 5294 imminebat

88 5319 161 5387 quod
174 5330 232 5386 pro.
248 5331 269 5369 s.
292 5314 351 5385 i.q.
366 5316 393 5369 3.
441 5314 476 5348 000
491 5312 672 5368 celebraturis
687 5315 712 5369 Ρ.
755 5315 997 5373 ³¹⁷tertium3.in
1018 5310 1412 5380 clemeri-tumberepettra
1469 5309 1503 5343 000
1521 5324 1571 5379 pro
1586 5309 1763 5366 comestione

86 5391 112 5440 3.
153 5385 382 5456 ³¹⁹apparitor2.
433 5384 468 5418 000
482 5383 667 5455 projiciebant
685 5403 733 5456 pro
750 5404 776 5457 p.
799 5387 816 5442 i.
843 5387 861 5441 i.
879 5388 906 5442 3.
947 5387 979 5422 000
993 5386 1122 5443 omnibus
1137 5385 1164 5438 Ρ.
1183 5384 1299 5440 canibus
1313 5385 1420 5461 scripsit
1433 5386 1565 5462 corrector
1579 5383 1760 5450 inmnrqine,

85 5459 167 5513 dolato
179 5457 319 5582 omgribus.
372 5457 406 5490 000
422 5459 461 5511 itu
473 5459 593 5522 comeam
609 5472 663 5527 que
681 5459 796 5515 reddet
818 5460 876 5514 cdd.
893 5459 921 5513 P.
980 5460 1015 5493 ³²³
1028 5457 1295 5520 terciumdecimum
1312 5467 1467 5507 commissis
1480 5453 1551 5507 codd.
1568 5453 1659 5507 cledd,
1673 5451 1705 5506 P.
1725 5452 1763 5488 000

88 5528 205 5583 meridie
241 5566 248 5580 .

867 5599 973 5657 NOTAE.

13 5700 18 5709 ’
123 5698 179 5770 (79)
194 5695 305 5752 Scilicet
320 5696 441 5770 bonav.
985 5700 1111 5772 l80)1·0·
1129 5699 1217 5771 pueri,
1229 5697 1394 5755 servientes.
1413 5694 1442 5751 P.
