3720 6014
86 159 140 216 sua
774 155 871 214 traua
891 155 1070 215 SECUNDUS.
1692 158 1748 221 010

85 297 147 344 teoa
166 287 211 322 3333
228 301 276 357 pro
290 287 416 361 pignore,
441 286 621 343 reddiderunt
649 288 695 324 ¹¹⁹⁰
717 288 778 358 (An.
800 285 892 346 llb8t.
904 289 933 360 Α
945 286 984 342 ibi
997 288 1061 359 plus
1075 303 1157 359 qnam
1177 286 1322 344 libb-aiunt
1347 287 1484 356 interisse,
1505 282 1682 362 praedamque
1706 298 1749 348 to·

87 379 119 430 alt
134 377 228 433 Polooi
249 384 288 434 tot
307 377 416 433 labores
449 377 504 443 3333,
529 383 570 434 tot
588 385 692 433 mortes
717 382 758 433 tot
779 393 892 447 asperas
943 392 998 440 tam
1014 380 1068 436 illis
1081 385 1109 434 et
1131 377 1255 450 captives
1283 376 1470 433 Uazorienses
1497 377 1654 445 abstulisse,
1676 381 1748 437 resi·

90 466 205 531 hiemes,
234 473 274 523 tot
300 467 461 522 traditiones
494 473 522 522 et
551 466 665 522 insidias
696 473 891 534 memorantes,
943 472 1012 527 daos
1032 465 1278 541 quoquerelcapi
1294 480 1351 522 non
1368 473 1411 524 est
1432 460 1606 524 dubiumret
1633 467 1748 544 fugisse.

88 570 188 611 omnes
206 555 347 624 occidunt,
369 556 436 610 nulli
456 564 612 627 parcentes,
633 573 686 613 nec
705 557 794 629 ipsum
809 560 892 614 etiam
945 563 1052 634 Quippe
1063 561 1176 632 Symen,
1192 559 1266 616 illius
1280 559 1403 634 regionis
1424 559 1468 594 ¹³¹¹
1490 560 1599 632 presul,
1611 558 1752 618 bressuas

92 650 263 706 bolezlavum
275 652 327 707 boc
338 651 531 723 prohibentem
546 653 699 710 audientes.
710 655 810 728 Sicque
820 671 893 727 pau·
946 653 1049 725 lupinis
1072 650 1211 707 morsibus
1236 649 1367 706 laceratas
1386 648 1522 706 luctuosis
1549 648 1667 707 vocibus
1687 666 1749 707 cum

90 742 167 799 leiim
183 744 303 800 rebelles
315 752 342 801 et
354 756 533 802 contumaees
549 747 695 805 Pemepeni
708 766 759 822 per
775 749 896 805 Belezle.
945 741 1003 797 suis
1017 741 1136 808 clericis,
1156 737 1252 794 insulis
1267 738 1382 795 indultis
1402 737 1619 795 Slissel'UOlflUbllS
1635 737 1694 820 ¹³¹¹!
1706 756 1752 796 83·

93 850 155 888 rum
187 834 373 898 destruuntur,
402 834 553 905 sicntjure
579 838 677 908 perlidi
704 839 807 895 destrui
844 839 895 894 de·
946 835 1214 909 quebaturetquod
1236 835 1386 890 armissibi
1403 833 1589 891 materialibus
1617 835 1754 893 nonlice-

94 925 160 980 bent
174 925 230 980 3333.
255 925 399 981 castellnm
419 942 485 983 vero
501 927 660 983 bolezlavus
675 929 776 984 melius
800 930 834 984 ad
851 944 895 984 re·
947 928 1002 994 bat,
1019 928 1071 983 lroe
1096 926 1180 982 armis
1201 924 1335 997 periinere
1358 924 1550 997 spiritualibus
1564 934 1592 983 et
1618 927 1754 984 erationi-

93 1018 236 1072 tinendum
256 1017 896 1092 aifrnnaait¹²⁹⁰‚eoque¹³⁰⁰munitoneeessa-
947 1025 999 1081 bus
1016 1022 1156 1078 nitebatur
1182 1022 1237 1077 3333.
1267 1021 1384 1078 Etsicut
1411 1023 1565 1097 antiquitus
1592 1023 1640 1080 lilii
1670 1018 1754 1086 lsrael

94 1110 152 1174 riis,
168 1124 235 1165 snos
249 1109 287 1164 ibi
303 1109 407 1167 milites
420 1111 566 1167 collocarit
948 1114 1130 1172 Amalechitas
1143 1111 1318 1169 orationibus
1331 1113 1432 1185 Moysis
1455 1114 1501 1149 ¹⁸¹⁸
1526 1115 1699 1185 devicerunt,
1716 1117 1753 1172 ita

947 1220 1012 1262 vero
1034 1204 1079 1239 3333
1099 1202 1287 1258 ilazoricnses
1310 1202 1345 1257 de
1366 1200 1526 1258 Pomoranis
1545 1205 1686 1261 victoriam
1713 1206 1756 1261 sui

950 1295 1087 1368 pontilicis
1111 1294 1157 1328 3333
1172 1292 1261 1365 adjuti
1282 1293 1414 1365 precibus
1434 1294 1598 1351 babuerunt.
1623 1296 1755 1368 Sequenti

131 1389 188 1457 (An
231 1385 321 1457 ⁸109.)
348 1388 480 1461 Sequenti
504 1394 596 1444 tamen
616 1398 711 1445 aestate
739 1390 898 1465 cougregati
949 1387 1032 1443 etiam
1052 1386 1097 1441 dic
1119 1385 1181 1440 duae
1196 1383 1328 1439 mulieres
1346 1382 1423 1457 fraga
1449 1401 1499 1456 per
1523 1386 1603 1442 devia
1621 1387 1757 1460 legentes,

96 1480 264 1535 transierunt
279 1480 306 1534 in
326 1481 474 1537 Maeotiam
491 1482 537 1517 3333
553 1483 671 1552 prodam
687 1497 787 1552 rapere
802 1482 899 1537 Pomo·
950 1492 1006 1534 uno
1019 1476 1106 1531 milite
1130 1475 1345 1530 pomoranorum
1366 1474 1478 1532 invento
1497 1490 1595 1531 nerem
1615 1476 1757 1533 uictoriam

96 1568 165 1621 rani.
175 1569 228 1623 Sed
240 1570 310 1624 sicut
326 1570 379 1625 sibi
394 1571 582 1627 llazorienses
597 1571 719 1642 praedam
735 1570 826 1627 iacere
836 1578 901 1626 sunt
950 1570 1115 1636 retulerunt,
1131 1583 1214 1640 quem
1236 1567 1318 1622 armis
1333 1575 1457 1637 erutum,
1475 1568 1683 1644 religatis,11rest
1698 1576 1756 1626 ter-

96 1657 197 1720 conati,
214 1659 255 1713 sic
269 1659 303 1713 ab
333 1660 379 1694 3333
404 1660 471 1731 ipsis
485 1661 702 1717 ldasoviensibus
723 1661 817 1733 praeda
839 1659 899 1716 srcri
914 1630 1013 1735 Bgum
1028 1661 1155 1717 manibus
1171 1660 1199 1714 in
1220 1660 1369 1731 praesentia
1383 1660 1493 1716 comitis
1513 1669 1541 1717 et
1557 1660 1696 1733 pontificis
1709 1663 1759 1717 ad·

96 1756 161 1803 sunt
179 1750 277 1805 eoacti.
291 1752 345 1822 lpsi
360 1767 460 1824 nempe
482 1754 527 1788 3333
543 1770 593 1825 per
606 1753 752 1809 blazoviam
768 1753 901 1809 cursitan·
950 1755 1097 1809 duxerunt.

98 1845 149 1904 tes,
167 1840 286 1909 praedam
309 1848 336 1896 et
354 1843 481 1913 captivos
506 1851 708 1920 congregantes
732 1854 759 1899 et
783 1842 900 1899 aedificia
1056 1843 1290 1900 boemanorum
1308 1850 1335 1899 et
1349 1843 1573 1913 Zbipneuiolades
1589 1846 1648 1902 ¹⁸¹¹.

97 1940 307 1987 concremantes
327 1933 382 2000 3333,
396 1934 452 2003 jam
479 1935 569 1990 securi
593 1951 655 1991 oum
677 1934 769 2006 praeda
791 1933 901 1990 stabant
985 1935 1116 2010 zbignevi
1131 1950 1241 2008 quoquc
1255 1934 1357 1989 milites
1371 1950 1433 1990 cum
1454 1934 1583 1992 liobemis
1598 1954 1648 2017 per
1662 1938 1757 2015 regio·

97 2040 151 2083 noe
165 2028 199 2082 de
224 2023 298 2080 bello
318 2026 491 2082 dubitabant.
510 2028 541 2083 lit
564 2043 639 2095 ecce,
668 2043 761 2084 comes
789 2027 901 2084 nomine
952 2042 1014 2081 nem
1031 2025 1076 2061 ¹³¹⁸
1089 2025 1264 2080 zleznensem
1281 2023 1326 2058 ¹³¹⁹
1339 2022 1759 2094 depredantasatconcraman-

93 1260 136 1313 ab.
158 1263 281 1315 sexcenti
292 1263 471 1316 Ponaoraniin
486 1263 605 1316 Manavia
617 1267 683 1316 sant
694 1263 826 1331 perempti
841 1261 884 1295 ¹³⁰¹

94 2118 273 2192 llagnns,qni
290 2125 355 2174 tnnc
370 2117 518 2174 Uaaoviam
536 2119 649 2191 regebat
664 2119 722 2186 3333,
738 2135 800 2175 oum
815 2118 901 2174 blazo-
951 2127 1001 2180 tes,
1013 2117 1097 2174 simili
1117 2116 1267 2173 infortunio
1281 2116 1316 2171 ab
1332 2116 1401 2188 ipsis
1416 2114 1547 2185 affinibus
1562 2116 1608 2152 3333
1622 2119 1758 2191 superati,

93 2208 244 2277 aiensibus,
255 2207 470 2279 paucisquidem
485 2223 612 2276 numero,
627 2209 765 2280 probitate
775 2224 840 2266 vero
855 2209 899 2244 ¹³⁰⁷
950 2212 1062 2285 qnidam
1078 2226 1144 2267 vero
1159 2210 1252 2281 capiti,
1264 2209 1376 2281 quidam
1390 2208 1483 2284 gladio
1492 2206 1611 2286 jugulati
1630 2210 1684 2268 3333.
1702 2210 1759 2265 lliis

93 2300 248 2356 numerosis
263 2300 319 2368 ¹³⁰⁸,
341 2307 436 2355 eontra
451 2300 546 2371 plures
567 2309 596 2356 et
609 2300 828 2356 innumerabiles
852 2317 901 2373 pa·
950 2311 1042 2360 autern
1058 2302 1211 2358 minoribus
1237 2301 1394 2374 praetaxatis
1416 2301 1617 2376 aliquantisper
1631 2302 1759 2376 quiesea-

93 2406 182 2465 ganos
193 2390 324 2445 horribile
338 2391 464 2462 praelium
481 2391 593 2448 intrarit
608 2393 663 2460 3333,
676 2391 724 2447 ubi
739 2392 811 2448 bans
823 2409 900 2448 suam
950 2409 1023 2460 mna,
1050 2400 1081 2447 ut
1103 2396 1260 2448 contextam
1285 2390 1319 2446 de
1347 2390 1498 2459 majoribus
1525 2391 1625 2447 librum
1645 2388 1757 2447 tertium

95 2478 324 2550 omnipotentiam
345 2479 492 2547 revelarlt3
513 2496 632 2553 namque
661 2481 706 2515 ¹³¹⁰
732 2480 766 2538 de
787 2483 902 2557 paganis
951 2485 1097 2540 adeamus.

478 2609 628 2665 explicit
647 2609 742 2665 tteett
763 2610 945 2681 SECUNDUS,
971 2611 1095 2668 lNClPlT
1114 2610 1212 2667 tissa
1231 2611 1381 2669 TURTlUS.

613 2777 809 2865 LIBER
850 2776 1139 2866 TERTIUS
1165 2774 1243 2864 ¹³²².

267 2954 363 3022 lncipit
379 2954 488 3022 epistola
508 2956 581 3008 tertii
593 2953 656 3008 libri
671 2954 725 3009 3333.
915 2959 1011 3026 Cmea
1022 2957 1067 3011 sed
1078 2961 1167 3011 uestra
1181 2953 1226 2989 ¹³³²
1239 2957 1376 3025 percipite,
1398 2970 1453 3013 noa
1466 2955 1579 3023 solarum
1592 2955 1644 3026 :sed
1657 2968 1760 3010 aurum

128 3045 276 3112 capellanis
295 3044 434 3100 ducalibus
454 3046 612 3100 venerandis
631 3046 745 3115 aliisque
766 3046 811 3080 ¹³¹⁵
825 3047 900 3102 bonis
951 3047 1112 3116 perpendite,
1128 3062 1184 3103 non
1196 3062 1262 3102 arua
1273 3047 1319 3102 sed
1332 3061 1429 3102 vanum
1443 3045 1548 3111 ebibite.
1565 3050 1598 3100 dt
1615 3049 1652 3102 si‘
1664 3048 1759 3115 ioman

96 3134 198 3187 clericis
210 3147 259 3202 per
282 3134 420 3188 boloniam
443 3135 624 3189 memorandis
642 3139 781 3204 presentis
808 3143 903 3191 cucur
952 3138 982 3189 in
1001 3136 1048 3189 boc
1060 3135 1289 3203 opereuerboram
1307 3134 1460 3189 nuditatem
1483 3138 1628 3202 accusatis,
1655 3150 1690 3191 ea
1710 3136 1763 3190 lriis

95 3227 225 3293 opusculi,
239 3229 277 3279 sic
289 3225 358 3279 bona
374 3226 531 3293 temporalia
554 3228 700 3295 praeterire,
716 3233 747 3281 ut
759 3228 840 3282 liceat
858 3242 902 3282 ea-
952 3224 1044 3279 saltim
1055 3222 1100 3257 3333
1107 3224 1568 3293 materiamtractandiprosundius
1583 3224 1662 3299 ¹⁸⁸‘et
1673 3240 1760 3294 arpa·

95 3317 182 3384 pedite
200 3315 231 3368 de
248 3314 357 3368 caducis
372 3314 407 3366 ad
418 3317 609 3382 permanentia
619 3315 764 3370 transilire.
781 3318 903 3370 Primum
953 3317 1100 3370 mentosius
1124 3314 1253 3369 babeatis.
1272 3314 1368 3378 Quodsi
1392 3329 1464 3384 repes
1483 3317 1592 3373 bolonas
1615 3318 1657 3371 uel
1684 3317 1763 3372 duces

97 3409 221 3462 arsenium
229 3420 273 3460 uos
286 3407 354 3459 scire
366 3406 433 3471 aulo,
444 3406 544 3472 fratres
558 3408 701 3474 carissimi,
716 3410 781 3477 quia
795 3412 906 3462 tantum
954 3410 1033 3476 fastis
1047 3407 1170 3477 andipnas
1184 3406 1350 3462 annualibus
1370 3405 1415 3441 3333
1422 3410 1564 3478 judicatas,
1580 3424 1695 3479 mertum
1708 3414 1762 3464 Po·

97 3517 162 3570 opas
179 3515 232 3554 non
247 3499 304 3554 ideo
318 3503 393 3569 capri,
411 3506 442 3554 al
456 3515 503 3569 per
517 3501 696 3567 laocfimbrias
714 3517 780 3557 meae
792 3502 907 3571 pusilla·
957 3496 1035 3552 tonia
1044 3496 1139 3565 procul
1161 3495 1242 3551 dubio
1265 3494 1426 3565 quibuslibet
1454 3497 1564 3553 incultis
1583 3496 1763 3555 barbarorum

98 3591 233 3643 minitatio
261 3588 416 3650 dilatarem,
445 3603 495 3643 nec
524 3595 554 3644 at
579 3593 699 3658 patriam
719 3591 759 3645 ael
783 3595 908 3660 parentes
957 3587 1113 3642 nationibus
1127 3587 1266 3642 addicatis.
1290 3590 1323 3640 at
1334 3589 1359 3642 si
1371 3588 1441 3655 forte
1449 3585 1607 3660 :proponitis
1622 3604 1665 3645 nte
1682 3590 1765 3645 tolera

97 3694 167 3732 meos
183 3677 229 3710 3333
241 3677 306 3731 exul
320 3678 394 3746 apud
412 3692 456 3732 uos
475 3684 500 3732 et
511 3682 669 3747 pereprinus
690 3679 735 3713 ¹³²⁶
747 3680 907 3746 exaltarem,
959 3678 1071 3746 talisque
1089 3677 1152 3730 uitae
1175 3676 1319 3745 indipnum
1343 3676 1410 3731 talia
1431 3681 1640 3751 presumpsisse,
1654 3692 1765 3750 respon-

98 3771 142 3824 sed
166 3775 196 3823 at
225 3767 269 3802 3333
286 3769 403 3837 aliquem
425 3770 548 3836 fructum
576 3773 630 3825 mci
652 3771 749 3826 laboris
768 3771 804 3824 ad
822 3770 911 3826 locam
958 3771 1031 3838 dabo,
1044 3771 1111 3825 bella
1130 3785 1225 3839 repam
1238 3776 1319 3839 utque
1332 3770 1443 3839 ducum,
1462 3785 1518 3827 non
1532 3773 1702 3842 euanpelium
1723 3788 1767 3828 me

99 3878 165 3916 mea.
182 3865 353 3931 professionis
374 3870 547 3932 reportarem.
570 3868 637 3918 item
655 3865 732 3918 aliud
749 3868 843 3919 uestra
855 3864 911 3918 dis-
962 3863 1104 3929 scripsisse.
1122 3860 1280 3929 Nunquam
1293 3861 1367 3915 enim
1384 3861 1462 3928 fama
1475 3860 1523 3896 3333
1538 3863 1579 3918 uel
1597 3864 1698 3919 maura
1717 3866 1768 3919 lto-

101 3955 214 4006 rretioni
236 3954 392 4019 nranisasto,
412 3955 476 4021 quia
503 3952 548 3986 3333
567 3967 623 4007 non
643 3958 673 4008 ut
696 3968 739 4008 me
756 3955 835 4022 quasi
846 3959 911 4008 cete-
961 3950 1158 4007 manorumuel
1171 3951 1309 4007 Gallorum
1323 3955 1362 4008 sic
1377 3952 1421 3986 3333
1435 3953 1609 4011 cacumina
1621 3969 1670 4024 per
1682 3969 1767 4009 mun·

101 4045 139 4095 ris
159 4040 204 4074 3333
218 4042 384 4110 pracseendo
404 4043 445 4095 vel
464 4044 542 4110 quasi
552 4043 737 4109 facundiorem
749 4046 778 4096 in
791 4056 912 4098 semnene
962 4045 1028 4099 dian
1042 4041 1194 4108 laederetur,
1220 4030 1274 4098 nisi
1285 4045 1448 4112 scriptorum
1462 4047 1621 4101 testinroniis
1632 4048 1769 4117 memoria

100 4130 239 4196 referenda
249 4132 322 4184 lianc
331 4129 569 4199 laboremsuscepi,
580 4130 626 4185 sed
636 4133 760 4186 utotium
770 4134 909 4200 evitarem,
960 4138 1127 4202 posterorum
1138 4137 1164 4186 et
1174 4130 1219 4164 3333
1229 4133 1378 4186 imitationi
1389 4139 1552 4189 seruaretur.
1567 4135 1686 4189 Maxima
1698 4148 1766 4203 quo·

101 4223 127 4272 et
141 4219 262 4273 dictandi
276 4219 496 4273 consuetudinem
513 4232 708 4283 conservarem,
724 4223 749 4274 et
761 4235 795 4274 ne
806 4222 912 4288 frustra
961 4235 1012 4291 quc
1026 4224 1103 4290 troja
1130 4218 1175 4253 ¹³³⁹
1187 4220 1311 4289 quamuis
1325 4218 1461 4275 barrama
1479 4220 1588 4290 iacebat
1610 4228 1636 4277 et
1653 4222 1768 4304 deserte

100 4321 201 4376 prinam
225 4309 382 4363 Polonicam
408 4309 615 4363 manducarem.
638 4309 751 4378 insuper
771 4313 855 4365 etiam
868 4325 912 4365 ce·
961 4317 1069 4367 aebrna
1082 4316 1174 4366 tamen
1185 4309 1320 4365 mensoria
1332 4314 1473 4379 poetarum
1496 4311 1589 4380 tptulr's
1602 4313 1767 4391 enimenta.

103 4402 177 4468 piosa
192 4398 322 4454 bellorum
341 4403 457 4455 mauric
482 4401 517 4454 ad
528 4400 748 4469 praesumendum
763 4416 832 4457 onas
845 4405 911 4457 uiri·
962 4404 1031 4456 llari
1045 4402 1174 4470 coaequati
1189 4398 1245 4465 ¹³⁸⁰,
1262 4403 1349 4453 turres
1365 4398 1509 4455 destructa
1517 4402 1622 4469 iacent,
1633 4400 1693 4456 loca
1706 4414 1769 4468 spa·

104 4497 152 4551 bas
173 4498 304 4564 inaequale
319 4512 406 4551 meam
421 4499 606 4566 ipsorantiam
626 4499 763 4563 excitauit,
777 4499 913 4566 ipsiusque
960 4497 1031 4548 eiosa
1041 4498 1067 4547 et
1078 4492 1345 4549 amoenalrabitatore
1354 4498 1458 4559 carent,
1473 4495 1504 4547 in
1516 4494 1626 4562 palatiis
1635 4507 1731 4561 rapum
1744 4495 1771 4546 at

107 4586 238 4639 bomalaui
251 4585 370 4653 bellipcri
383 4585 428 4619 3333
447 4587 523 4641 ducis
540 4587 659 4655 probitas
683 4587 912 4653 acrnapnanimi
959 4586 1116 4653 principum
1137 4584 1225 4639 lustra
1238 4586 1402 4652 [mammet
1424 4584 1526 4640 cubilia
1549 4590 1648 4641 scema
1672 4584 1771 4650 latent,

106 4674 148 4729 las
163 4672 282 4728 eudemi
309 4672 351 4706 ¹⁸³¹
372 4673 687 4736 idueiaanministrauit.
708 4676 835 4737 Quocirca
856 4688 912 4731 nan
962 4678 1044 4746 troja
1059 4673 1102 4709 ¹³⁸¹
1120 4681 1211 4731 tamen
1225 4678 1356 4744 Perpama
1371 4675 1417 4710 ¹⁸⁸¹
1432 4676 1530 4748 ubique
1551 4674 1768 4733 mnaramscri·

786 4796 897 4852 VlllllAE
910 4794 1100 4852 Lectiones

147 4896 395 4969 ¹²¹⁶cprotheca3.
432 4898 663 4954 ¹¹⁹⁸aradiderunt
682 4897 709 4952 3.
753 4897 797 4932 ¹¹⁹⁷
818 4903 836 4951 t.
854 4897 872 4954 l.
892 4898 989 4954 desum
1003 4894 1030 4954 3.
1061 4894 1510 4965 ¹²⁹¹solenti.,¹¹⁹⁰lirmarit3.
1553 4896 1774 4972 ¹³,beoqo0qae

113 4970 141 5028 3.
186 4968 230 5004 ¹³⁰¹
245 4976 438 5038 arpamentum
452 4971 507 5026 cod.
525 4971 552 5025 3.
568 4968 717 5026 uastae.
775 4967 1010 5024 ¹³⁰⁸ilaiozorinm
1056 4966 1083 5021 Ξ.
1100 4965 1148 5001 3333
1170 4966 1205 5049 ale
1215 4982 1266 5092 pra
1290 4967 1330 5024 sic
1350 4967 1386 5024 ab
1401 4966 1428 5026 3.
1484 4969 1667 5041 ¹⁸⁰taaraqua
1691 4969 1718 5025 2.
1747 4967 1774 5027 3.

114 5040 160 5076 3333
174 5048 386 5096 concremantes
411 5040 437 5096 3.
490 5039 773 5123 ¹³⁰⁸qni-regebat
794 5040 892 5095 desum
914 5039 941 5094 3.
994 5037 1134 5111 ¹⁸⁰⁷atquc
1162 5039 1212 5093 vrri
1234 5052 1266 5093 us
1292 5040 1318 5094 3.
1378 5037 1683 5097 innumerosorum
1707 5039 1775 5097 Η.

119 5110 165 5147 3333
180 5111 303 5166 introivit
316 5112 342 5167 3.
384 5111 430 5147 ¹⁸¹⁰
445 5128 508 5167 nam
526 5112 553 5168 3.
593 5110 874 5215 ¹³¹¹rclrpienisl.2.
912 5110 958 5145 3333
973 5107 1180 5181 pontificalibus
1194 5109 1221 5164 3.
1263 5109 1463 5186 ¹⁸¹³sutagebdt
1483 5110 1509 5166 3.
1548 5108 1731 5189 333313ογ131.
1748 5111 1778 5168 3.

117 5182 143 5239 3.
188 5181 357 5236 ¹³¹⁵nnnc3.
414 5182 459 5219 ¹⁸¹⁸
471 5181 603 5238 antistitis
618 5183 644 5237 3.
692 5183 736 5216 ¹¹⁷
753 5180 1426 5251 ‹argumentumeddedanetl'ars.deestl.2.3
1489 5181 1534 5217 ¹³¹⁸
1545 5179 1708 5258 religionem
1723 5196 1780 5238 non

120 5254 222 5309 recteii
275 5252 320 5287 ¹³¹⁹
333 5251 499 5310 Zlesiensem
512 5252 538 5309 3.
580 5253 624 5287 3333
639 5251 669 5307 al
677 5254 764 5309 solum
777 5254 856 5309 lrabat
869 5253 896 5309 3.
921 5252 966 5287 3333
976 5250 1138 5326 iugulnutes
1152 5250 1244 5326 gladio
1255 5266 1305 5323 pre
1344 5251 1386 5308 .i.
1403 5252 1471 5309 Η.
1503 5252 1700 5322 ”tessaram
1713 5253 1779 5311 edit.

120 5331 193 5382 Vara.
217 5321 517 5392 rasbacenses.
570 5324 616 5358 3333
631 5331 659 5379 et
671 5324 760 5396 primo
778 5323 856 5394 prola
877 5340 909 5380 us
927 5322 1008 5403 prol3
1026 5321 1054 5377 li.
1075 5323 1103 5377 Τ.
1133 5269 1782 5430 hemitoniaUtnpendueumproeeedcnlt'lt'bru

120 5396 145 5453 3.
199 5392 321 5448 ¹³¹⁵aliis
371 5394 397 5451 3.
413 5394 459 5431 3333
471 5395 577 5451 deesli.
625 5341 883 5467 ¹³²⁶peregrinosU.
938 5393 1121 5472 ¹³¹³rusobis
1139 5395 1214 5449 addit
1232 5394 1259 5450 3.
1324 5395 1359 5430 333
1374 5395 1449 5467 quod
1476 5396 1502 5451 3.
1557 5394 1727 5453 ¹⁸¹'celer0s
1752 5396 1779 5452 3.

121 5466 168 5501 3333
183 5463 294 5520 deest3.
353 5465 554 5521 ¹³³¹arridendi
575 5466 603 5520 2.
624 5465 756 5521 audiendi
775 5466 803 5519 3.
855 5465 1073 5535 ¹³i²restrami
1135 5465 1181 5500 ¹⁸³³
1193 5466 1332 5521 saltemi.
1379 5465 1546 5524 ¹³³⁸deest3.
1599 5468 1644 5504 3333
1664 5466 1785 5523 cialibus

120 5540 222 5644 efflant
237 5536 264 5589 3.
282 5535 519 5662 3933311103.
567 5536 854 5594 biasianae.
895 5536 1020 5593 ¹³³⁸deest
1034 5534 1059 5593 3.
1076 5536 1122 5572 3333
1137 5535 1251 5609 tropei.
1307 5537 1553 5612 ¹⁸⁶⁰queequalil.
1604 5539 1646 5577 ¹⁸⁴¹
1662 5538 1783 5611 tropei.

186 5622 315 5681 pergama
345 5646 352 5664 .
