3720 6014
86 212 140 272 103

700 166 870 265 saansaan
889 208 1147 265 enunciamus.

1703 204 1758 262 104

123 333 188 392 539.
227 332 259 388 44.
285 332 329 387 l2.
368 330 396 386 P.
424 330 450 385 2.
490 329 520 386 l'.
544 331 590 388 25.
628 330 658 387 L.
674 331 716 387 43.
755 333 784 387 44.
810 332 854 388 48.
904 332 1100 406 Afoederatur.
1120 336 1189 402 (7444
1211 331 1251 403 44.)
1266 331 1339 387 Obiit
1352 337 1467 388 sauctus
1495 330 1637 404 Remigius
1652 332 1753 388 liemo-

370 421 412 478 W.
442 421 484 478 44.
523 421 553 477 0.
598 462 606 480 .

125 518 169 583 (ll.
202 513 253 584 ru.)
278 512 451 567 lustiniauus
478 418 627 584 4444444444
652 513 722 569 4445
749 513 912 590 0444444444,

88 618 171 678 reges
186 601 307 656 fraciam
321 600 523 674 depopulantes
542 601 643 658 occidit
656 617 718 657 cum
735 602 827 658 multis
841 602 895 657 mi·

88 694 163 750 libus
177 693 335 768 Bulgarum.

176 782 240 837 540.
279 782 323 837 13.
361 780 387 838 3.
437 783 482 838 26.
533 784 577 837 44.
614 783 659 837 49.
697 784 742 838 45.
779 785 806 838 4.

125 875 167 941 (44.
181 875 232 939 m.)
246 869 368 927 chosroe
381 871 573 927 huthiochiam
587 871 669 940 capit.
683 869 721 941 (0.
736 887 752 925 r
770 870 810 942 F.)
827 868 896 925 chil-

89 964 222 1019 dabertus
238 979 284 1018 rex
299 978 361 1018 cuni
378 961 508 1017 fratruele
531 962 721 1019 Tlreodehcrto
737 963 765 1016 iu
785 961 894 1017 fratrom

93 1053 252 1108 Lotharium
266 1050 393 1125 insurgit,
408 1051 458 1105 sed
474 1057 560 1106 matre
583 1066 678 1106 eorum
694 1050 821 1105 Rothildc
832 1051 896 1105 satis

88 1149 188 1218 agente
208 1142 282 1213 apud
295 1142 392 1208 Deum,
407 1156 441 1196 ue
451 1141 523 1196 inter
535 1139 634 1196 fratres
651 1137 728 1195 lieret
743 1139 823 1195 civile
833 1139 895 1195 bel·

91 1235 158 1301 luxu,
175 1233 312 1289 horrenda
327 1241 489 1304 tempestate
513 1232 636 1298 coerciti,
664 1248 726 1287 eum
747 1248 832 1302 super
846 1232 897 1288 Lo·

91 1325 372 1397 thariumnesiguum
388 1322 502 1395 quidem
530 1322 688 1393 apparuerit
709 1321 832 1378 horroris
846 1324 897 1378 hu·

90 1416 223 1486 iusmodi,
232 1415 353 1472 reddunt
367 1429 398 1469 sc
409 1413 537 1468 fraternae
551 1412 622 1484 paci.

178 1512 241 1565 544.
279 1508 323 1564 44.
363 1508 389 1563 4.
428 1507 473 1562 27.
523 1508 565 1562 45.
613 1507 657 1563 50.
698 1506 740 1561 46.
779 1507 806 1561 5.

124 1607 165 1672 (44.
180 1610 231 1671 44.)
250 1601 369 1658 chosroe
392 1601 448 1670 jam
470 1607 567 1673 quarto
593 1601 731 1657 llomauos
758 1600 893 1656 infestan-

909 1646 934 1715 B

944 444 1005 482 rum
1021 426 1168 498 episcopus
1184 425 1246 480 465.

1051 517 1113 572 546.
1156 515 1195 572 49.
1234 516 1261 570 a.
1302 514 1344 570 32.
1384 514 1410 570 3.
1448 515 1494 568 55.
1533 516 1560 569 2.
1600 513 1645 568 40.

982 606 1021 677 (ll.
1038 606 1088 676 44.)
1109 604 1224 677 Vigillus
1253 620 1324 676 papa
1351 603 1486 659 exiliatur.
1504 602 1605 657 Narses
1621 601 1757 673 patricius

945 698 1140 754 auxiliantibus
1150 696 1202 751 sibi
1220 695 1407 771 Langobardis
1428 695 1543 751 Totilatu
1560 711 1653 769 regem
1681 695 1756 765 peri·

946 788 1016 853 mit;
1033 786 1257 859 Ostrogothorum
1273 792 1357 858 gente
1384 800 1472 856 usque
1486 784 1521 840 44
1535 783 1753 839 internetionem

946 877 1046 943 delela,
1062 892 1178 951 regnum
1194 874 1430 949 Ostrogothorum‚
1447 874 1559 945 penitus
1572 873 1701 929 destruit.
1714 873 1754 928 lta

947 967 1015 1022 illud
1031 981 1146 1037 regnunt
1163 965 1323 1031 Gothorum,
1339 962 1424 1035 quod,
1448 970 1478 1018 ut
1499 963 1537 1018 ait
1548 962 1677 1020 lordauis
1690 962 1754 1029 466,

946 1070 996 1127 444
1010 1070 1098 1109 44445
1113 1053 1221 1109 44444444
1234 1051 1305 1106 0409
1317 1052 1472 1119 duraverat,
1500 1051 1603 1107 defecit
1616 1051 1645 1106 in
1663 1049 1757 1107 Ostro-

946 1147 1049 1221 gothis,
1061 1146 1112 1202 sed
1128 1146 1156 1200 iu
1171 1143 1331 1217 Wisigothis
1360 1144 1387 1198 in
1417 1143 1547 1215 llispania
1574 1142 1758 1218 regnantibus

948 1241 1086 1297 incolume
1114 1239 1253 1294 remansit.
1280 1238 1358 1293 74445
1386 1252 1501 1311 regnum
1529 1232 1757 1309 Ostrogothorum

948 1333 1111 1389 resuscitare
1127 1332 1215 1399 uisus,
1227 1338 1324 1405 regunt
1337 1329 1418 1385 aunis
1429 1328 1457 1385 2.

1053 1425 1115 1482 547.
1154 1424 1199 1479 29.
1242 1423 1283 1477 40.
1321 1422 1365 1480 33.
1404 1421 1431 1476 4.
1470 1418 1515 1476 56.
1554 1419 1581 1474 3.
1620 1418 1647 1473 4.

983 1516 1077 1587 (qun.
1092 1513 1179 1584 llrxc.)
1206 1512 1340 1569 conserto
1367 1510 1455 1582 prelio
1466 1509 1540 1565 inter
1554 1505 1757 1562 cunimundum

944 1621 1036 1680 regem
1050 1603 1217 1674 Gepidarum
1231 1600 1368 1656 44404444
1386 1614 1480 1674 regem
1497 1596 1756 1670 Langobardorum,

88 1688 459 1760 lemtssffisaliussfflffllleffil
488 1688 579 1743 sedile
604 1688 787 1745 0010446440-
804 1688 895 1754 40740·
947 1702 1112 1753 corruerunt
1135 1694 1264 1766 utrinqne
1291 1692 1433 1768 sexaginta
1460 1691 1537 1745 milia
1565 1705 1672 1746 eorum.
1703 1686 1756 1742 Ubi

89 1777 163 1846 Τ4414.)
177 1778 329 1835 ludiversis
352 1777 500 1833 Galliarum
530 1777 598 1834 locis
614 1778 723 1834 01440486
746 1779 826 1850 sigua
839 1777 898 1834 44188
947 1788 1047 1844 Album
1075 1786 1279 1842 Cunimundum
1304 1785 1429 1856 peremit,
1458 1790 1537 1839 etex
1562 1789 1633 1838 testa
1658 1783 1758 1855 capitis

49 1920 57 1932 .
88 1877 162 1927 sunt.
178 1868 304 1927 cometes
318 1869 464 1940 44444444
490 1868 534 1922 dis
550 1869 659 1939 ruscha
679 1869 774 1924 celum
802 1867 898 1924 ardere
949 1883 1009 1951 qus
1023 1880 1153 1954 poculum
1168 1878 1432 1936 sibiadbibendnm
1453 1877 1527 1940 444,
1542 1875 1758 1948 utramqueejus

90 1963 252 2029 044110θῦῑὶ
269 1977 350 2017 velus
369 1961 482 2034 54044013
498 1977 531 2016 05
552 1961 754 2017 001)θᾶθῦ040
771 1962 799 2016 10
815 1962 899 2018 Vesti-
950 1971 1112 2043 captivatam
1127 1984 1240 2025 uxorem
1268 1968 1321 2024 sihi
1351 1968 1466 2038 accepit.
1487 1966 1650 2022 llunisvero
1672 1971 1760 2021 terras

90 2053 662 2122 0140114000100040004040010441404
684 2052 719 2108 ab
740 2053 814 2109 inlus
836 2068 900 2109 ³³11·
951 2060 1117 2131 cepidarum
1148 2056 1355 2124 invadentibus,
1381 2057 1550 2112 destructum
1572 2062 1615 2111 est
1643 2069 1760 2130 regnum

89 2148 174 2222 gnine
203 2161 328 2217 respersa
347 2145 475 2217 apparuit
489 2155 496 2214 ;
508 2153 646 2202 etsecutae
670 2146 752 2201 varia
760 2145 855 2201 clades
874 2152 902 2200 et

90 2241 170 2297 malae
179 2240 351 2296 valetudines
364 2255 425 2296 cum
441 2239 560 2310 pustulis
570 2245 597 2295 et
616 2238 716 2296 vesicis
728 2238 847 2313 populos
861 2237 902 2294 af·

91 2329 231 2386 dixerunt.

177 2424 239 2478 444.
279 2423 322 2477 44.
361 2408 482 2477 a‘sa.
531 2420 575 2475 44.
615 2420 658 2476 44.
700 2419 742 2476 44.
782 2418 808 2476 a.

127 2519 166 2585 (ll.
177 2512 378 2583 m.)llilisarius
403 2512 425 2546 ⁰⁶
454 2512 488 2567 ad
512 2510 627 2567 Africam
656 2511 799 2579 remissus,
815 2511 901 2568 044444-

93 2606 176 2663 tharit
186 2620 270 2675 super
283 2603 415 2675 reliquias
440 2600 637 2658 Wandalorum
665 2611 826 2676 regnantem
838 2620 900 2659 cum

96 2691 348 2766 suisextinguittd.
372 2707 396 2745 r.
422 2693 461 2757 F.)
485 2688 628 2745 lotharius
657 2699 685 2745 ot
709 2690 902 2747 childebertus

92 2783 200 2851 fratres,
211 2782 328 2838 obsesso
344 2779 372 2834 in
393 2780 532 2851 llispaniis
559 2778 774 2853 cesaraugusta,
794 2779 901 2835 civibus

92 2877 177 2932 lleum
192 2873 335 2930 orantibus
348 2879 376 2927 et
398 2871 558 2928 circumlata
581 2871 719 2927 vincentii
732 2872 902 2927 martiristu-

951 2149 1118 2222 cepidarum
1135 2147 1257 2219 penitus.

1056 2239 1119 2295 548.
1156 2239 1202 2294 2l.
1241 2237 1284 2292 44.
1323 2236 1368 2292 34.
1406 2236 1435 2290 5.
1473 2236 1518 2291 57.
1556 2237 1584 2290 4.
1622 2235 1650 2290 2.

987 2333 1027 2403 (0.
1045 2349 1070 2389 r.
1085 2333 1126 2404 F.)
1140 2330 1347 2387 Theodehertus
1358 2344 1404 2384 rex
1424 2345 1474 2400 per
1501 2343 1531 2384 se
1556 2334 1584 2383 et
1599 2328 1758 2398 perducem

951 2438 1030 2480 suum
1042 2421 1223 2478 Bulcellinum
1241 2419 1345 2475 ltaliam
1357 2417 1433 2475 vario
1448 2417 1515 2473 belli
1527 2424 1628 2472 eventu
1647 2416 1760 2489 4444444-
1810 2440 1814 2445 ·

951 2520 1008 2569 4444
1024 2526 1079 2568 uon
1091 2509 1211 2576 desistit,
1238 2517 1265 2563 et
1286 2508 1320 2563 ab
1351 2507 1427 2563 ltalia
1443 2513 1470 2563 et
1484 2506 1601 2562 aSicilia
1611 2512 1657 2561 aut
1672 2506 1761 2577 spolia

951 2608 997 2656 aut
1010 2601 1110 2655 tributa
1123 2598 1238 2671 accipit.
1268 2597 1348 2667 Tejas
1364 2612 1410 2652 rex
1437 2613 1453 2652 4
1477 2597 1591 2652 44445444
1605 2594 1761 2668 perimitur,

951 2698 1053 2747 etcum
1068 2705 1101 2746 eo
1115 2689 1264 2745 cothorum
1281 2686 1407 2759 reliquie
1434 2685 1617 2757 extirpantur.

1022 2783 1083 2840 549.
1122 2781 1167 2837 22.
1210 2781 1250 2834 t2.
1271 2778 1317 2836 35.
1354 2779 1381 2835 6.
1419 2778 1465 2832 58.
1504 2779 1532 2834 5.

988 2875 1081 2946 (cano.
1094 2874 1173 2945 Tua.)
1190 2873 1319 2947 agericus
1334 2871 1517 2927 virdunensis
1536 2871 1685 2941 episcopus
1699 2884 1764 2924 san-

90 2967 163 3033 nica,
187 2971 299 3037 accepta
323 2964 357 3019 ah
381 2965 423 3019 445
447 2980 496 3036 444
523 2978 639 3020 munere
666 2963 754 3035 ipsius
779 2962 1042 3040 marthichtitate
1059 2965 1153 3030 claret,
1180 2963 1209 3019 P.
1237 2963 1266 3018 0.
1296 2961 1393 3018 Narses
1419 2961 1551 3033 patricius
1566 2961 1699 3016 Siuduald
1717 2977 1763 3016 re·

90 3062 171 3130 stola,
187 3060 315 3127 redeunt,
342 3057 480 3131 adquisita
507 3057 645 3129 llispaniae
676 3067 753 3130 parte
770 3058 897 3113 maxima.

89 3151 177 3222 (4544.)
191 3149 304 3206 7444444
320 3148 535 3225 Wisigotharum
551 3163 615 3221 rege
633 3165 649 3204 a
668 3147 728 3203 suis
744 3154 899 3220 perempto,

91 3244 312 3320 Theudegisibus
327 3254 424 3318 regnat
449 3251 511 3316 post
522 3260 584 3299 eum
599 3243 679 3299 annis
692 3243 719 3297 2.
736 3246 774 3312 (V.
790 3246 900 3313 444444.)

93 3333 203 3391 1144445
222 3334 251 3389 44
276 3333 361 3390 044444
391 3333 485 3404 claret,
518 3333 606 3390 sancti
636 3332 781 3390 Benedicti
815 3332 900 3391 disci-

93 3421 177 3495 pulus

181 3511 243 3571 543.
282 3513 328 3568 46.
376 3514 403 3569 6.
455 3512 501 3569 29.
541 3514 584 3570 47.
635 3513 670 3569 58
722 3519 744 3569 4.
784 3513 810 3571 7.

127 3602 169 3674 (44.
189 3604 239 3673 44.)
257 3602 373 3677 vigilius
388 3617 457 3674 papa
472 3601 538 3675 quia
562 3601 716 3658 secundum
735 3617 813 3657 suam
833 3616 898 3674 pro·

89 3696 250 3754 missionem
270 3696 359 3752 noluit
371 3695 548 3752 Anthemium
579 3712 719 3764 revocare,
743 3694 898 3751 Constanti·

91 3787 214 3859 nopolim
227 3786 346 3842 mittitur
364 3785 559 3858 ignominiose.
577 3785 685 3841 Thotila
702 3799 750 3841 rex
768 3784 898 3858 Ostrogo-

91 3875 201 3931 thorum
218 3880 298 3944 capta
315 3874 410 3941 Roma,
427 3872 560 3929 habitavit
587 3873 747 3946 aliquandiu
763 3889 825 3929 curn
846 3874 901 3930 lto-

92 3961 183 4017 manis
198 3961 276 4033 quasi
290 3969 368 4032 pater
382 3978 444 4017 cum
461 3961 535 4030 filiis,
560 3962 774 4031 mansuefactus,
789 3970 819 4018 ut
838 3978 900 4019 cre·

92 4053 176 4121 ditur,
191 4054 278 4109 saneti
290 4053 431 4110 Benedicti
446 4052 568 4121 monilis,
590 4054 682 4125 (0444.
718 4054 738 4110 0
752 4057 761 4125 )
775 4054 901 4110 lludohin

92 4147 211 4210 mortuo,
225 4142 323 4197 Albuin
338 4141 413 4198 lilius
424 4144 485 4214 ejus
495 4151 593 4219 regnat
606 4161 692 4216 super
707 4143 901 4222 Langobardos

92 4230 121 4285 in
138 4230 277 4286 l‘anuouia
297 4230 378 4286 annis
390 4232 435 4286 2l.

162 4321 224 4379 544,
272 4322 317 4378 17.
365 4322 391 4378 7.
437 4321 482 4381 30.
528 4323 554 4377 4.
601 4323 646 4379 53.
770 4324 797 4381 8.

950 3072 1012 3132 gem
1026 3056 1190 3123 Brittonum,
1202 3070 1234 3110 ex
1250 3054 1338 3111 amico
1349 3053 1403 3109 sibi
1419 3052 1646 3121 rebellem,bello
1656 3054 1759 3111 virtum

951 3153 979 3203 et
994 3155 1103 3219 captum
1115 3143 1270 3217 suspendit.

1037 3238 1100 3294 550.
1148 3237 1193 3295 23.
1234 3237 1278 3292 43.
1316 3235 1360 3292 36.
1399 3236 1425 3289 7.
1467 3235 1511 3292 59.
1550 3234 1577 3290 6.

989 3332 1030 3403 (6.
1044 3348 1069 3387 r.
1086 3330 1126 3400 F.)
1139 3329 1348 3386 Theodebertus
1369 3345 1417 3385 rex
1432 3327 1510 3393 obiit,
1527 3326 1572 3383 oui
1585 3325 1760 3382 Theodebal-

951 3421 1003 3477 dus
1016 3418 1090 3475 filius
1114 3419 1174 3487 ejus
1194 3418 1327 3474 succedit.
1350 3417 1444 3489 (0444.
1467 3416 1544 3487 Tua.)
1563 3414 1688 3482 Arboris,
1703 3430 1760 3487 que

951 3512 1056 3570 dicitur
1074 3511 1233 3579 sambucus,
1247 3511 1340 3578 flores,
1356 3527 1441 3585 grana
1456 3517 1483 3565 44
1506 3508 1612 3564 fructus
1624 3505 1762 3573 inflores,

950 3622 1036 3684 grana
1047 3612 1075 3662 et
1089 3605 1193 3662 fructus
1204 3605 1268 3661 vitis
1281 3603 1511 3660 transformantur
1527 3602 1559 3656 44.

1001 3698 1064 3754 554.
1102 3697 1146 3752 2t.
1186 3697 1230 3751 44.
1269 3696 1314 3751 37.
1352 3695 1378 3750 8.
1415 3695 1463 3750 60.
1519 3692 1545 3749 7.

987 3788 1086 3853 Quinta
1100 3787 1224 3859 synodus
1239 3785 1404 3842 universalis
1423 3781 1694 3853 constantinopolim
1716 3797 1764 3837 ce-

951 3879 1075 3936 lebratur
1091 3896 1097 3933 :
1115 3877 1144 3932 in
1158 3893 1212 3950 qua
1226 3877 1352 3949 epistola,
1368 3893 1429 3950 quae
1446 3876 1493 3932 lbe
1523 3875 1634 3941 dicitur,
1657 3873 1761 3928 erroris

952 3973 1034 4044 plena
1048 3970 1259 4043 reprobatur‚et
1272 3971 1434 4039 Theodorps
1447 3965 1762 4041 personammediatoris

952 4061 1001 4117 llci
1015 4067 1042 4116 44
1052 4061 1196 4118 hominum
1212 4062 1237 4116 in
1256 4060 1365 4117 duabus
1388 4059 1551 4115 substantiis
1563 4073 1707 4128 separans,
1723 4056 1759 4111 ad

952 4150 1104 4223 impictatis
1114 4150 1260 4222 perfidiam
1275 4150 1409 4206 cecidisse
1424 4147 1600 4205 convincitur
1621 4144 1661 4216 (cf
1686 4149 1759 4200 444.

951 4241 1035 4313 Laod).
1052 4241 1199 4313 llueusque
1212 4241 1342 4297 44444445
1366 4239 1513 4310 444544445
1528 4234 1678 4308 hystoriam
1693 4249 1762 4290 cou-

911 4330 1051 4426 Dtexull.

126 4416 327 4490 (0444,οἰ44.)
353 4416 523 4472 Herculanus
552 4416 701 4472 Perusinus
722 4416 900 4489 episcopusa
1003 4423 1065 4478 552.
1117 4422 1161 4479 25.
1205 4423 1245 4477 45.
1284 4421 1328 4479 38.
1367 4420 1393 4476 9.
1431 4420 1476 4475 tu.
1534 4418 1561 4474 8.

89 4510 177 4566 Totila
192 4528 268 4587 rege,
284 4519 361 4570 secto
376 4511 478 4583 capite,
491 4511 675 4567 martirizatur
686 4527 694 4578 3
706 4517 768 4581 post
783 4517 898 4568 mortem

985 4510 1027 4581 (0.
1040 4511 1128 4582 pont.)
1145 4509 1271 4583 Pelagius
1286 4509 1415 4564 llomauae
1440 4505 1573 4562 aecclesiae
1600 4504 1664 4562 574ς
1692 4520 1759 4575 pre·

90 4617 156 4659 vero
184 4612 267 4679 caput
291 4605 351 4676 eius
374 4603 484 4675 corpori
499 4603 608 4658 unitum
628 4601 778 4658 invenitur.
791 4605 824 4670 (ll
848 4609 898 4673 44.)
950 4598 1032 4656 54444.
1048 4599 1095 4656 4444
1111 4599 1285 4654 insimulatus
1300 4597 1335 4652 de
1351 4603 1438 4652 morte
1454 4594 1545 4667 vigilii
1562 4611 1652 4666 papae,
1664 4601 1762 4650 tenens

90 4689 306 4747 TolitaSiciliam
328 4692 442 4748 invadit.
471 4693 570 4749 Narses
603 4692 898 4749 ennuchusRomauo·
949 4702 1044 4750 saneta
1063 4694 1205 4767 evangelia
1220 4699 1247 4747 et
1260 4707 1382 4757 erucem,
1394 4689 1576 4760 jurejurando
1592 4689 1703 4761 publice
1717 4705 1763 4744 sa·

76 4798 152 4838 .rum
169 4783 300 4854 patricius
312 4785 455 4841 ordinatur
469 4792 497 4841 et
521 4793 616 4843 contra
635 4785 751 4841 Totilam
779 4784 901 4840 destina·
951 4785 1061 4842 tisfeeit.
1079 4785 1172 4856 (0444.
1188 4784 1267 4851 Tun,
1284 4785 1320 4838 04
1342 4785 1378 4852 ql.
1392 4788 1474 4838 rnort.
1495 4783 1534 4853 x.)
1560 4781 1616 4835 lloc
1636 4788 1761 4851 tempore

92 4876 469 4951 tur.(ann.)Tlreudegisilo
497 4878 568 4934 inter
595 4876 901 4934 convivandumnsuis
952 4878 980 4933 in
995 4878 1102 4934 oriente
1134 4894 1203 4948 puer
1227 4876 1339 4948 quidam
1368 4875 1526 4931 ludaeorum
1554 4872 1639 4936 filius.
1667 4889 1761 4929 cuma

93 4966 354 5042 perempto,dgilan
379 4973 475 5041 regnat
498 4984 582 5039 super
594 4967 765 5042 Wisigothos
779 4966 899 5024 4444459.
951 4969 1045 5027 coevis
1066 4969 1124 5024 suis
1151 4968 1361 5024 christianorum
1390 4966 1454 5021 tiliis
1489 4967 1523 5021 ad
1549 4966 1601 5021 hoc
1625 4965 1762 5021 adductus

196 5060 260 5114 545.
299 5059 342 5114 48.
381 5059 409 5114 8.
457 5058 501 5115 34.
549 5060 576 5116 2.
615 5061 662 5129 54,
700 5061 726 5115 4.
765 5060 794 5116 0.
952 5063 1104 5131 fuisset,ut
1130 5061 1158 5116 in
1187 5061 1434 5117 ecelesiasancte
1463 5060 1558 5116 matris
1578 5058 1680 5115 christi
1694 5060 1761 5115 lesu

128 5157 170 5224 (li.
186 5153 236 5226 44.)
254 5151 352 5209 Narses
366 5149 486 5208 tlbuino
502 5151 559 5227 regi
579 5150 824 5227 langobardorum
839 5166 904 5209 con·
953 5165 1055 5222 corpus
1065 5158 1093 5206 et
1104 5149 1268 5223 sanguinem
1285 5148 1383 5206 christi
1396 5149 1563 5222 perciperet,
1579 5156 1695 5220 propter
1711 5149 1763 5204 hoc

773 5251 884 5307 thlllAE
896 5249 1083 5306 4807404408.

127 5349 151 5388 ⁸⁸
164 5351 313 5409 0444544445
327 5355 353 5410 4.
367 5351 388 5389 ⁸²
404 5350 511 5408 arboris
524 5348 752 5406 transformantur
766 5352 826 5407 add.
848 5352 935 5422 64444.
948 5354 1021 5407 curis
1039 5353 1134 5406 4444444.

892 5450 987 5508 NOTAE

86 5578 91 5591 ι
127 5550 199 5622 4465)
219 5547 293 5608 Obiit
304 5551 561 5677 Eotiusaffihret
585 5549 708 5606 444483,
725 5550 772 5605 044
812 5553 833 5620 l,
848 5551 893 5608 68.
949 5548 1004 5606 fine
1019 5551 1092 5606 hunc
1107 5565 1210 5607 annum
1225 5548 1404 5605 millesimum
1419 5555 1446 5606 et
1474 5549 1702 5606 trecentesimum
1720 5565 1764 5604 rc-

129 5623 203 5696 (466)
218 5623 293 5679 Errat
325 5625 360 5697 ig.
390 5623 517 5679 lordauis
545 5621 620 5678 enim
642 5621 677 5675 04
700 5621 748 5676 rob
778 5623 835 5677 044.
864 5623 891 5677 44
947 5622 994 5698 gni
1005 5621 1158 5679 cothorum
1176 5620 1245 5677 dicit
1258 5620 1390 5677 lllllScll.
