3720 6014
113 210 193 273 tibb-

726 211 754 264 ὃ.
776 208 895 263 01)οΝΙὸ
915 207 1033 263 cauta.
1056 203 1173 260 aelst,
1255 222 1258 227 ’

1718 195 1788 252 ttlu

114 339 183 395 leret
197 335 351 402 invertitur,
366 341 441 389 recte
457 334 502 389 illa
516 350 597 407 quam
609 342 719 391 exercet
731 343 828 392 acutus
842 335 921 392 dolor
934 342 956 406 Α
973 334 1048 391 omni
1063 331 1227 402 intemperie
1241 330 1312 385 aeris
1328 335 1473 401 protegere
1489 326 1578 397 possit
1591 322 1752 388 habitati03
1768 322 1797 377 in

113 430 288 498 peccatorum
303 428 331 477 et
350 422 486 495 cupiditas
499 422 610 477 vivendi
635 439 696 478 cum
717 424 844 493 llomino,
860 440 919 480 car-

115 517 158 570 nis
183 513 286 570 attritio
309 514 460 583 perfodere,
482 513 652 588 designatur.
683 513 752 578 linia
778 531 842 571 vero
873 516 920 587 qui

114 606 254 662 mendicat
268 605 433 661 necessariis
447 605 508 661 vitre
523 622 621 661 carens
640 607 731 662 aliena
750 607 824 664 bone
846 609 919 664 desi-

115 701 202 766 derat,
214 697 348 753 bonorum
361 714 475 769 operum
488 698 590 770 quibus
601 700 688 754 sancti
703 699 847 756 abundant
858 701 920 756 ino·

116 790 189 862 piam
215 798 243 845 ct
257 789 426 845 desiderium
454 791 608 846 mendicare
627 791 763 867 designat.
788 793 832 848 Est
854 808 921 869 ergo

116 878 216 934 rationi
232 877 325 933 dicere
339 880 398 936 Nou
412 879 487 933 oolco
500 879 603 946 fodere,
620 879 786 936 infirmitatis
801 898 857 937 suae
873 882 923 938 dc-

116 971 250 1026 bilitatem
272 970 306 1024 ad
328 970 418 1025 carnis
438 971 606 1027 attritionem
626 972 795 1029 tolerandam
813 973 921 1044 ponde·

117 1080 187 1120 rare.
208 1062 378 1118 Erubescorc
393 1079 459 1119 voro
473 1066 624 1120 meridianae
642 1072 750 1122 lanoso
766 1066 920 1138 profitetur,

972 421 1082 478 inferno
1097 435 1162 476 vcro
1173 416 1484 488 solummodosulpliur,
1507 424 1536 470 ct
1551 414 1641 488 ignis,
1664 419 1695 468 et
1715 410 1797 482 spiri-

970 521 1013 569 tus
1029 512 1224 584 procellarum,
1244 515 1273 563 et
1295 505 1444 562 ineffabilis
1456 503 1611 561 tribulatio.
1631 502 1709 568 Quid
1726 517 1793 558 vero

970 604 1007 658 sit
1022 602 1088 657 illud
1098 598 1309 673 quodlaciendo
1326 596 1433 652 villicus
1443 595 1472 649 in
1487 591 1794 660 domossubjectorum

971 693 1055 764 recipi
1075 691 1211 756 conlidat;
1239 688 1364 745 subdidit
1378 687 1452 743 idem
1468 685 1604 742 Dominus
1619 700 1689 740 curn
1710 682 1796 738 dixit:

973 787 1129 841 dorreocotis
1154 785 1248 852 itaque
1283 781 1398 848 singulis
1423 778 1590 833 debitoribus
1616 777 1695 841 suis,
1721 775 1798 829 dicit

971 879 1081 946 primo:
1098 876 1235 942 Quonam
1258 871 1335 926 debes
1355 871 1464 926 domino
1478 883 1534 923 meo
1546 871 1561 922 ?
1575 869 1613 922 At
1627 867 1680 920 ille
1700 865 1796 919 dicit:

973 969 1084 1024 Ceratum
1097 967 1177 1021 aurbs
1196 965 1261 1029 olri3
1288 963 1415 1033 dicitque
1435 963 1494 1017 illi:
1519 961 1625 1031 Accipe
1638 960 1798 1013 curationem

973 1060 1060 1123 tuom,
1083 1059 1107 1111 et
1125 1055 1262 1119 sedecim,
1278 1056 1303 1107 et
1320 1052 1415 1114 scribe,
1442 1051 1664 1122 quinquaqinta.
1695 1045 1798 1101 deinde

117 1168 178 1207 cum
194 1168 256 1223 quaa
272 1158 362 1222 potest
381 1152 733 1210 exercerebottastndiosc
752 1155 865 1228 cogitat,
886 1170 921 1209 ne
971 1150 1124 1205 oliidiait:
1145 1149 1184 1203 Tu
1211 1163 1272 1202 vero
1299 1151 1431 1216 quantum
1443 1145 1545 1200 debes?
1567 1145 1621 1207 Qui
1637 1145 1698 1197 ait:
1729 1142 1797 1198 Cea-

117 1246 198 1316 inops
211 1251 239 1299 et
253 1260 338 1299 vacua
349 1244 429 1300 bonis
444 1245 586 1315 operibus,
603 1254 629 1301 et
642 1247 732 1302 aliena
747 1247 920 1314 desiderans,
971 1248 1028 1300 lum
1047 1259 1123 1299 coros
1137 1244 1233 1299 tritici.
1249 1244 1285 1298 El
1297 1245 1336 1297 ott
1350 1242 1411 1297 illi:
1428 1241 1528 1310 Accipe
1543 1239 1668 1305 litteras,
1687 1241 1713 1292 et
1731 1237 1799 1292 scri·

119 1336 146 1391 in
165 1335 220 1389 vita
235 1350 296 1407 quar
313 1335 438 1407 sequitur
456 1343 589 1406 appareat
608 1345 635 1393 et
654 1337 848 1394 confundatur.
868 1339 920 1395 Pro
971 1338 1001 1391 be
1014 1337 1149 1403 ceroptata

119 1448 173 1503 qna
200 1438 253 1486 tam
278 1444 346 1500 pura
363 1429 407 1483 sui
425 1428 599 1485 discussione
622 1440 649 1485 et
675 1431 772 1486 humili
787 1431 853 1503 quid
869 1431 921 1486 sibi
1010 1433 1051 1488 19,
1065 1429 1326 1487 bobitoresllomini
1339 1424 1400 1484 csse
1413 1428 1484 1483 viros
1499 1426 1561 1482 illas
1578 1425 1674 1481 animi
1690 1425 1795 1497 quibus

44 1536 49 1548 ¹
118 1520 183 1576 utile
199 1525 352 1574 mercretur
367 1533 544 1592 cognoscere,
566 1520 659 1575 nullus
686 1520 759 1575 cuim
785 1521 831 1592 qui
856 1537 923 1592 pure
974 1534 1001 1583 et
1015 1543 1044 1582 se
1062 1532 1152 1581 moini
1171 1535 1197 1581 02
1212 1541 1322 1596 corpus,
1337 1525 1476 1580 nominem
1490 1522 1797 1595 wisidimusnegaffi,

119 1613 276 1669 considerat
291 1619 318 1667 ot
338 1611 480 1666 ltumilitor
493 1613 612 1683 qualiter
629 1615 743 1670 licutino
759 1616 869 1686 placere
880 1633 924 1671 va·
939 1649 961 1715 Β
975 1619 1075 1674 Omnes
1097 1618 1170 1672 enim
1191 1632 1256 1672 suos
1276 1625 1354 1672 actus
1371 1616 1475 1687 absque
1496 1613 1731 1670 contradictione
1752 1613 1800 1666 de-

120 1706 183 1768 Ῑθῦῑι
195 1704 367 1775 ΓθῙῑΠίΙῦθῑῑῙΓ
383 1703 410 1757 ῙΠ
425 1703 610 1761 ἆῦῧῗῑθῑῑθῦθ·
629 1707 796 1778 QUOdplasse
809 1708 924 1778 bromii·
976 1714 1041 1769 bant
1055 1713 1118 1783 jure
1131 1712 1166 1766 ad
1179 1712 1265 1782 ipsius
1279 1712 1394 1782 gloriam
1409 1709 1522 1765 relerre.
1541 1710 1595 1763 llas
1614 1709 1716 1779 itaque
1732 1723 1798 1763 con·

119 1797 153 1853 tit
168 1796 300 1851 llominus
311 1795 512 1868 vestigantibus
522 1797 797 1868 quomodoarternam
808 1801 926 1856 evadant
975 1803 1140 1869 voeatratio,
1153 1818 1268 1857 cntneas
1279 1817 1329 1856 ase
1344 1801 1484 1856 desideria
1509 1798 1627 1871 propria
1642 1796 1797 1868 sequendo

121 1889 256 1959 inopiam,
276 1903 338 1943 cum
365 1888 487 1943 ostendit
513 1888 636 1945 villicum
663 1906 719 1946 sttae
743 1892 925 1948 sollicitudini
976 1901 1096 1949 remotas
1110 1893 1262 1948 revocatio
1279 1893 1325 1960 jus
1343 1907 1434 1957 suum,
1458 1899 1485 1945 et
1505 1887 1795 1958 aconcnpiscentiis,

122 1983 294 2040 subdidisse:
311 1983 372 2039 Scio
391 1984 458 2053 quid
473 1985 584 2050 sociam.
602 1983 666 2040 Cum
686 1986 760 2041 enim
776 1987 852 2058 prius
863 2003 926 2042 enm
978 2000 1047 2057 quas
1062 1984 1262 2056 sequebantur,
1279 1983 1413 2054 reprimit.
1431 1981 1567 2046 Quantum
1588 1995 1660 2035 vero
1677 1979 1801 2034 debeant

123 2071 373 2129 ostendatdnbium
384 2078 411 2126 ot
423 2072 571 2127 sollicitum
586 2073 706 2130 dicendo
717 2075 790 2142 Quid
799 2075 929 2143 focium?
979 2074 1140 2146 interrogat,
1155 2088 1216 2126 cnm
1233 2087 1280 2126 aas
1299 2086 1355 2127 suta
1378 2069 1599 2127 considerationi
1623 2083 1800 2139 proponens,

124 2172 151 2217 ct
170 2161 366 2233 cretcra;quid
385 2161 601 2233 vultquodeum
619 2162 812 2219 illicocetlum
830 2164 928 2221 lactum
981 2176 1010 2224 ut
1035 2167 1100 2238 quid
1130 2183 1146 2221 a
1173 2166 1290 2222 llomino
1310 2166 1386 2222 iactae
1406 2166 1473 2233 sint,
1501 2172 1529 2220 et
1549 2180 1638 2235 quam
1661 2163 1801 2229 studiose,

124 2256 245 2311 ostendit
257 2255 415 2323 subdendo,
431 2256 490 2312 Scio
503 2255 572 2326 quid
584 2259 696 2324 focium,
712 2261 743 2312 ul
752 2274 811 2313 cum
827 2265 931 2315 amotas

123 2346 200 2413 [atrro
215 2361 231 2399 c
246 2346 421 2411 villicatione,
436 2347 569 2415 recipient
583 2362 624 2400 me
638 2348 667 2401 irt
681 2347 772 2403 domos
787 2365 861 2414 auos,
879 2349 931 2405 nisi

125 2440 190 2511 quia
200 2439 416 2494 misericorditer
436 2438 518 2494 docet
533 2440 738 2510 quantumlibet
750 2440 851 2496 infirmi
867 2458 932 2512 pec-

126 2529 227 2585 catoris
237 2528 373 2583 rationem
389 2528 424 2583 dc
437 2544 493 2582 sua
506 2526 603 2584 salotis
618 2529 773 2603 ignorantia
786 2547 840 2587 non
856 2530 931 2586 dilli-

127 2616 216 2673 dere?
231 2617 295 2689 quia
308 2616 330 2671 si
342 2618 376 2672 de
386 2617 531 2687 preteritis
546 2617 617 2673 male
634 2617 810 2692 ingemuerit,
825 2627 852 2675 et
864 2637 932 2692 qua·

126 2711 190 2765 liter
208 2717 310 2765 aeterna
326 2708 438 2783 effugiat
452 2709 570 2765 sollicite
589 2709 662 2765 vires
681 2727 745 2766 snas
759 2713 932 2770 discutiendo

127 2798 299 2873 exquisierit,
314 2809 389 2857 corta
405 2802 546 2870 reddetur,
564 2803 685 2858 revelata
702 2804 755 2858 sibi
780 2805 931 2860 curatione.

127 2895 204 2959 Quod
225 2910 291 2967 orgo
316 2894 383 2949 dicit
396 2894 518 2950 villicus:
535 2895 596 2950 Scio
610 2896 680 2965 quid
697 2898 810 2963 fomlam,
825 2910 856 2952 ut
874 2915 933 2954 cttm

982 2278 1121 2336 quaterque
1132 2263 1251 2328 sineere,
1267 2271 1294 2317 et
1310 2262 1337 2316 itt
1354 2276 1419 2333 qno.
1431 2271 1459 2316 et
1472 2276 1567 2332 qnare,
1585 2267 1616 2315 et
1629 2266 1722 2332 quoto
1733 2266 1803 2314 tem·

983 2369 1049 2424 poro
1061 2353 1182 2407 debeant
1193 2351 1329 2407 famulari.
1345 2350 1535 2406 ratiocinando
1551 2348 1709 2420 perquirit.
1725 2347 1802 2411 Quod

984 2443 1089 2513 primns
1111 2442 1270 2513 respondet,
1288 2442 1400 2496 Centum
1414 2441 1496 2495 codas
1511 2441 1606 2495 oleisc
1623 2437 1804 2495 dominode-

983 2534 1060 2601 bere,
1077 2540 1212 2590 monstret
1224 2533 1360 2588 rationem
1375 2532 1409 2587 tle
1426 2532 1452 2586 vi
1466 2530 1567 2586 mentis
1583 2547 1642 2602 qua
1653 2545 1763 2600 corpus
1773 2530 1804 2583 ad

982 2627 1154 2698 operandum
1185 2633 1311 2681 movetur
1327 2639 1495 2699 cognoscere
1519 2622 1596 2695 quod
1626 2639 1643 2678 a
1673 2622 1805 2687 ltomino,

983 2718 1029 2790 qui
1051 2734 1100 2789 per
1120 2733 1150 2773 se
1165 2717 1290 2772 condidit
1303 2716 1442 2782 universa,
1469 2713 1540 2770 lacta
1558 2715 1598 2769 sit
1613 2719 1645 2768 nt
1660 2729 1731 2769 cum
1761 2714 1808 2768 lto

984 2816 1095 2864 novaret
1120 2823 1227 2863 suntmo
1242 2806 1372 2863 studioin
1388 2805 1521 2878 operibus
1540 2814 1661 2876 propter
1680 2821 1750 2877 quae
1768 2803 1808 2860 le-

984 2900 1021 2953 cit
1037 2914 1100 2952 eam
1115 2896 1256 2953 charitatis
1274 2905 1302 2951 ot
1326 2894 1537 2960 misericordiae,
1553 2893 1632 2948 sicut
1654 2891 1767 2948 fierent
1779 2894 1806 2948 in

127 2990 233 3039 emotus
256 2985 334 3050 suero
349 2999 367 3036 c
392 2984 567 3050 villicatione,
583 2986 717 3055 recipient
733 3002 775 3040 me
798 2989 829 3041 iu
844 2989 934 3043 domos
947 2994 971 3061 (3
985 2990 1049 3045 lidei
1063 2989 1240 3046 confessione
1255 2987 1396 3044 Trinitatis
1411 2996 1533 3053 aeternae,
1546 2985 1744 3058 virginaliter,
1760 2987 1811 3041 boc

127 3094 203 3143 stans,
222 3079 293 3132 lianc
313 3077 417 3132 indicat
430 3078 649 3134 consolationem
670 3080 784 3135 rationis
809 3083 935 3137 animad-
984 3086 1027 3136 est
1041 3081 1214 3150 incorrupte,
1229 3078 1256 3133 id
1273 3087 1317 3133 est
1334 3077 1441 3148 absque
1464 3075 1602 3132 malorum
1620 3091 1746 3146 operum
1761 3075 1812 3129 ad·

129 3168 260 3223 vertentis
274 3184 331 3223 suae
340 3168 501 3224 salvationis
513 3168 580 3223 vias.
600 3168 664 3234 Quae
685 3170 767 3241 paulo
780 3179 853 3238 ante,
871 3189 933 3244 per·
985 3173 1125 3240 mistione,
1143 3170 1280 3226 stabiliter
1298 3176 1325 3224 et
1340 3185 1389 3240 per
1403 3176 1491 3225 totum
1502 3167 1628 3239 spatium
1642 3168 1812 3240 temporalis

129 3263 223 3318 territa
243 3262 350 3318 Domini
368 3263 421 3318 mei
436 3262 663 3329 comminatione,
685 3265 799 3320 tenebar
813 3266 897 3322 dubia
908 3277 936 3322 et
984 3262 1057 3328 vitae,
1074 3267 1101 3315 et
1114 3275 1164 3331 pro
1181 3259 1267 3314 solius
1289 3267 1399 3314 aeternae
1430 3256 1617 3312 beatitudinis
1633 3271 1808 3327 recompen-

128 3351 254 3418 sollicila,
264 3366 313 3422 pro
323 3367 393 3406 mere
405 3350 813 3420 infirmitatisconsideratione,
828 3355 863 3411 de
878 3372 936 3411 suae
986 3354 1104 3408 satione.
1116 3351 1210 3407 Oleum
1223 3365 1342 3422 namque
1350 3349 1455 3405 cacteris
1470 3348 1658 3404 unctionibus
1671 3356 1809 3421 penetra·

129 3442 225 3517 gratiae
235 3441 456 3512 recuperatione,
465 3441 521 3509 jam
541 3441 609 3506 scio,
626 3442 708 3498 idest
727 3444 853 3521 intelligo
864 3446 936 3502 sicut
987 3443 1069 3497 bilius
1084 3447 1135 3501 est.
1149 3441 1219 3495 adeo
1234 3447 1264 3495 ut
1276 3440 1310 3494 de
1330 3439 1398 3511 ipsis
1412 3438 1542 3494 medullis
1556 3437 1658 3494 eliciat
1668 3439 1808 3498 dolorem.

130 3548 173 3586 res
186 3540 238 3599 cst,
255 3530 446 3603 quiddelrcattr
468 3530 567 3593 lacero.
582 3550 632 3604 per
651 3536 726 3605 quod
742 3536 871 3592 merebor
884 3537 936 3593 do·
987 3547 1155 3604 omnemque
1175 3531 1219 3586 cui
1235 3530 1368 3586 sociatum
1390 3529 1472 3584 luerit
1484 3529 1654 3584 naturaliter
1670 3546 1811 3601 superna-

131 3636 189 3675 mos
200 3637 267 3693 quas
279 3628 442 3677 cottstruunt
464 3622 614 3692 corporalis
642 3623 712 3679 ectio
724 3623 798 3692 justa
813 3633 840 3680 et
864 3626 937 3681 bona
989 3630 1026 3676 tat
1039 3622 1191 3692 liquorem:
1208 3619 1235 3673 in
1250 3634 1304 3691 quo
1318 3634 1440 3693 congruo
1460 3615 1669 3673 misericordiae
1685 3625 1767 3674 tenet
1785 3630 1811 3672 ct

130 3713 283 3780 meditatio,
304 3722 331 3769 et
347 3714 410 3770 idco
433 3731 489 3770 suae
507 3714 647 3781 dicuntur,
664 3731 725 3770 cum
746 3717 808 3771 vitae
824 3733 934 3773 cursum

129 3821 366 3873 consummavero,
383 3806 513 3862 introire:
532 3807 561 3861 in
579 3823 648 3879 quas
663 3807 697 3862 ab
713 3808 768 3863 illis
788 3825 831 3864 mc
846 3810 935 3866 susci·

130 3899 258 3969 piendam
274 3898 348 3965 dico,
378 3900 442 3970 quia
470 3915 552 3954 cause
569 3906 635 3954 sunt
663 3916 748 3970 quare
765 3902 936 3973 recipientur

129 3990 176 4061 qui
197 3990 366 4060 recipientur
384 3991 456 4046 sicut
475 4006 518 4045 nte
541 3991 728 4062 recipiendam
754 4009 798 4048 me
813 3994 932 4052 confide.

988 3711 1130 3767 charitatis
1145 3709 1366 3774 similitudinem,
1395 3708 1525 3780 quoniam
1556 3715 1586 3762 et
1614 3707 1680 3763 haec
1707 3707 1811 3780 peccati

988 3805 1191 3879 quantumlibet
1212 3805 1304 3879 gravis
1318 3813 1429 3859 excusat
1443 3800 1674 3868 damnationem,
1689 3810 1720 3858 et
1739 3803 1811 3857 illatn

987 3901 1095 3956 caeteris
1121 3899 1238 3970 Spiritus
1268 3899 1357 3954 sancti
1382 3895 1599 3953 charismatibus
1636 3898 1808 3970 comprobat

988 3995 1132 4066 Apostolus
1145 3994 1345 4049 sublimiorem.

129 4081 289 4146 donanim,
307 4087 337 4136 ut
358 4081 568 4153 aitdpostolus,
589 4083 663 4139 aliud
680 4084 846 4155 recipiemus
870 4097 935 4143 ante
1021 4083 1063 4139 20.
1092 4083 1197 4138 Gadum
1216 4092 1306 4138 autem
1336 4080 1610 4138 mensnramdicunt
1638 4085 1810 4157 quaetribus

69 4230 74 4237 ,
129 4173 248 4230 tribunal
264 4173 371 4229 Domini
394 4176 584 4240 metuendum,
600 4175 654 4231 nisi
680 4177 753 4249 quod
767 4179 936 4252 gesserimus
986 4175 1127 4246 amphoris
1141 4175 1290 4246 impletur:
1311 4182 1339 4230 et
1357 4174 1420 4229 idco
1436 4171 1520 4228 iidem
1536 4182 1648 4230 sanctae
1665 4177 1810 4233 Trinitatis

128 4270 156 4324 in
176 4267 325 4323 carnesive
341 4266 444 4323 bonum
460 4267 518 4322 sive
535 4268 648 4335 malum,
663 4277 690 4323 oi
703 4268 849 4325 diversitas
865 4271 931 4325 mul.
986 4270 1048 4333 apte
1064 4263 1201 4335 designal,
1217 4279 1271 4334 qua
1286 4262 1417 4318 fidelibus
1431 4277 1515 4318 omne
1530 4261 1644 4319 bonum
1663 4266 1809 4336 Spirlluale

127 4361 211 4433 tipiex
227 4360 427 4416 habitationum
448 4375 516 4430 quas
530 4360 663 4416 Dominus
690 4361 717 4415 in
735 4361 817 4418 domo
846 4337 972 4419 pariisD
986 4364 1168 4409 mensuratur.
1182 4355 1265 4410 Porro
1280 4361 1391 4410 centum
1404 4369 1536 4409 numerus
1553 4364 1598 4410 est
1613 4373 1708 4428 quem
1724 4351 1817 4413 dona·¹

127 4467 190 4507 csse
204 4451 281 4516 dicit,
298 4451 394 4523 utique
407 4449 495 4521 sttpro
515 4448 675 4506 diversitate
688 4451 852 4507 moritorum
869 4452 932 4524 qni-

127 4543 178 4598 ltns
193 4543 311 4617 quisquc
327 4559 387 4599 cnm
399 4542 487 4618 gretia
497 4541 611 4611 juvante
626 4542 741 4598 meritus
755 4551 797 4599 cst
807 4559 854 4599 eas
867 4545 932 4600 dom

127 4635 203 4691 vitit.
224 4635 288 4699 Quae
311 4641 402 4691 autom
419 4643 484 4690 sunt
511 4635 571 4691 aliae
600 4635 699 4691 domus
719 4635 783 4702 illae,
810 4636 838 4690 in
862 4654 932 4708 quas

127 4734 187 4794 post
200 4724 358 4780 bancvitam
374 4725 500 4780 volumus
513 4724 711 4781 rationabiliter
723 4723 771 4796 (ὅ),
785 4725 838 4781 nisi
854 4728 931 4799 qnie-

127 4813 161 4868 tis
173 4813 379 4869 habitationes?
392 4815 421 4869 Et
437 4815 504 4886 ipsae
523 4814 619 4886 utiquc
640 4814 740 4886 cuique
753 4818 931 4887 proveniunt,

126 4905 287 4976 qualessnae
301 4905 492 4960 merenturvel
502 4905 625 4976 corporis
638 4906 681 4961 vol
690 4907 929 4965 mentisactiones.

126 4997 192 5053 lnde
207 5004 282 5052 recte
297 4995 436 5051 actionum
458 5012 518 5052 osso
538 4997 678 5064 dicuntur,
697 5014 759 5068 quae
784 5000 864 5057 aliter
879 5002 929 5058 nisi

126 5085 348 5163 promerentibus
362 5087 480 5144 illisnon
497 5089 683 5160 possidentur.

985 4442 1042 4497 rius
1054 4452 1168 4516 generat
1182 4460 1232 4514 por
1249 4442 1291 4497 sui
1309 4443 1397 4513 ipsius
1409 4441 1697 4513 multiplicationem,
1712 4464 1747 4502 ac
1763 4463 1810 4518 por

984 4535 1036 4589 hoc
1062 4533 1164 4590 indicat
1189 4533 1371 4605 perfectionis
1393 4532 1514 4588 studium
1543 4540 1573 4588 et
1607 4536 1810 4593 stabilitatem.

984 4623 1082 4678 Notum
1108 4631 1149 4678 est
1164 4625 1237 4678 onim
1251 4623 1325 4695 quod
1338 4622 1469 4678 denarius
1488 4621 1638 4692 perlectus
1653 4627 1695 4682 sit
1708 4645 1809 4684 nome·

984 4728 1039 4777 rus,
1056 4713 1179 4784 eoquod
1208 4719 1269 4783 post
1287 4728 1350 4768 eum
1367 4727 1422 4767 non
1445 4717 1487 4766 est
1507 4709 1565 4766 alia
1578 4717 1767 4786 supputatio,
1786 4726 1813 4773 et

984 4805 1047 4861 ideo
1072 4805 1272 4861 convenienter
1298 4820 1348 4876 per
1367 4819 1429 4859 cttm
1458 4802 1630 4878 intelligitur
1659 4808 1809 4879 perfectio.

984 4899 1047 4955 Cum
1064 4907 1156 4954 autem
1177 4916 1226 4970 per
1240 4916 1270 4954 sc
1287 4899 1377 4970 ipsum
1397 4897 1614 4968 multiplicetur,
1645 4913 1680 4958 ut
1693 4912 1809 4960 centnm

981 5003 1141 5068 gereretur,
1158 5011 1240 5066 qnam
1265 4993 1388 5065 perlecto
1410 4992 1502 5048 studio
1530 4992 1567 5046 ad
1595 4996 1811 5065 perfectionem

981 5086 1122 5143 charitatis
1139 5092 1166 5140 ot
1181 5085 1378 5140 misericordiae
1400 5083 1573 5139 tendendum
1585 5084 1637 5150 sit,
1663 5106 1811 5163 quamque

160 5177 204 5232 ld.
226 5176 264 5231 Ne
280 5182 369 5231 autem
386 5184 513 5233 versutus
528 5179 594 5232 milti
613 5194 752 5248 occurras,
769 5181 866 5236 dicens
877 5182 931 5237 hoc
981 5185 1055 5233 reete
1071 5186 1098 5231 et
1118 5177 1257 5231 stabiliter
1272 5176 1299 5230 in
1316 5191 1349 5231 oo
1365 5174 1604 5247 perseverandum
1624 5195 1680 5248 per
1696 5194 1811 5238 centum

126 5269 266 5325 intellectu
283 5285 365 5341 posse
380 5287 428 5341 por
444 5271 541 5327 dontos
561 5272 678 5346 intelligi
695 5273 776 5328 etiam
794 5275 929 5329 malorum
981 5268 1128 5324 indicatur.
1146 5268 1222 5332 Nam,
1239 5268 1304 5338 qnia
1325 5266 1418 5322 decies
1437 5265 1551 5321 ducitur
1566 5267 1676 5326 decem
1693 5282 1725 5328 ut
1740 5291 1810 5331 cen-

126 5374 231 5427 pmnas,
243 5358 373 5431 qnoniam
400 5360 471 5416 sicut
487 5361 611 5417 actiones
635 5361 715 5417 bonae
740 5363 875 5434 quietem,
889 5363 930 5419 sic
981 5367 1037 5415 tum
1054 5359 1110 5429 dat,
1126 5376 1180 5415 non
1197 5357 1530 5430 ostdubiumquinplatta
1545 5361 1728 5432 aequilatura
1739 5384 1809 5440 qua·

126 5455 153 5500 et
173 5449 687 5522 malacottstituuntetpromercntnr
706 5453 930 5525 cas;sciasquia
981 5453 1091 5508 dratnre
1119 5453 1226 5508 denarii
1251 5458 1361 5507 centnm
1393 5450 1501 5516 existat,
1530 5452 1711 5524 aequilatura
1742 5475 1807 5515 vero

125 5532 223 5590 domus
238 5536 339 5591 dieitur
353 5541 543 5597 tantummodo
565 5555 626 5612 quae
646 5539 681 5595 ab
701 5540 836 5596 imbribus
856 5549 882 5597 et
895 5541 930 5596 ab
982 5545 1150 5615 quadratura
1176 5543 1258 5614 plana
1278 5558 1360 5614 quarn
1380 5541 1464 5596 ltabet
1478 5556 1560 5613 aeqna
1581 5543 1808 5617 laturainstitiae

161 5659 197 5727 (5)
211 5660 293 5715 llcest
307 5661 417 5732 aliquod
434 5667 547 5722 verbnm
559 5678 624 5738 puta
637 5672 758 5725 introire.
