3720 6014
92 107 163 161 1119

649 109 764 171 aotttt.
786 111 826 166 llll
846 109 974 168 t'ttttco
995 111 1202 180 lNlQUthlTlS.

1687 116 1759 175 ttto

91 245 194 300 etenim
208 243 292 301 verba
306 243 491 317 inEvangelio
506 251 571 302 sunt
581 247 639 303 lraec
651 266 657 302 :
671 247 764 304 Omnis
777 250 824 320 qui
840 265 900 304 cre·
911 252 939 323 Α
952 249 1012 318 ejus
1026 249 1759 332 disciplinamlrabebatur,utnontamxnagisterlitte·
1784 313 1785 317 ,

90 314 130 370 dit
144 314 172 369 in
188 331 231 370 me
261 331 316 372 non
338 316 479 383 morietur,
499 319 564 372 etsi
587 329 710 374 mortuus
730 320 814 376 luerit
828 320 900 376 vivet

91 387 180 452 (loeta.
197 404 234 453 xr,
251 387 296 451 25,
317 387 374 457 16).
393 387 446 442 Sed
476 386 545 443 torte
569 390 642 445 dicet
670 391 788 462 aliquis:
815 391 900 455 Quale

90 458 259 531 principium
275 458 534 514 deditadvenieusl
550 462 683 525 Quorsum
700 462 899 528 istalCredite,

92 530 189 585 tratres
211 541 240 584 ct
260 530 376 595 domini,
401 530 435 584 ad
463 547 533 602 ques
548 533 599 587 ista
626 534 812 603 pervenerint,
835 535 900 606 quia

90 617 145 656 non
160 598 319 667 infidelitas,
329 601 377 656 sed
393 617 495 656 nxoeror
508 603 591 657 animi
608 604 661 659 lroc
673 622 688 659 a
700 605 899 660 nobisdiceadi

91 673 205 727 extorsit
219 672 339 737 initium,
357 679 384 727 et
401 673 479 744 quasi
503 674 529 728 in
553 682 667 730 mortem
686 676 801 731 lecimus
821 677 899 732 inre-

91 744 225 808 etionem,
241 744 308 798 licet
321 745 443 799 sciamus
455 745 558 800 exitum
577 747 611 802 de
628 748 680 803 boc
695 748 797 804 saeculo
809 748 899 817 justo-

94 832 153 869 rum
170 816 197 869 in
212 815 360 939 Scripturls
383 817 517 886 appellari
538 833 673 873 sommum
695 820 737 873 vel
754 819 898 875 dormitio-

92 902 166 950 nem,
181 886 256 941 unde
293 886 415 941 salmista
428 887 483 941 ait:
507 889 574 942 Cora
588 890 693 945 dedcmt
708 891 813 945 dilectis
842 893 899 946 suis

91 973 211 1012 samaram
231 959 313 1024 (Pral.
335 973 423 1023 cxxxx,
434 958 471 1025 2).
493 960 523 1013 Fa
539 961 669 1015 Dominus
684 961 711 1016 in
729 961 875 1036 Evangelio
891 978 897 1018 :

92 1030 151 1084 Non
165 1035 203 1084 cst
218 1033 323 1083 mortno
344 1029 447 1098 puelle,
471 1031 518 1085 scd
533 1033 633 1086 detraxit
656 1033 731 1103 (Lac.
754 1050 811 1099 vrn,
840 1033 896 1095 52).

93 1099 286 1155 Verumtamen
313 1099 396 1155 nobis
416 1101 551 1172 imperare
572 1119 627 1158 non
651 1120 806 1173 possumus,
831 1105 898 1174 quin

90 1171 246 1236 deleamus,
262 1171 374 1242 quando
386 1171 516 1227 domnum
533 1173 655 1228 Odonem
672 1174 897 1230 Cameracensem

93 1243 269 1314 episcopum,
284 1242 330 1313 qni
347 1259 436 1313 nuper
461 1245 535 1314 apud
555 1262 605 1300 nos
619 1247 652 1299 de
669 1246 839 1302 boemundo
856 1263 899 1302 re·

91 1315 184 1378 cessit,
195 1313 228 1368 ad
243 1320 364 1368 mentem
376 1329 546 1371 revocamus.
562 1316 639 1372 Gravi
654 1317 755 1371 etenim
771 1318 900 1372 detentus

90 1385 260 1449 valetudine,
275 1384 390 1440 dimisso
409 1386 580 1457 episcopatu,
602 1388 793 1460 lquieinctum
805 1405 835 1444 sc
851 1390 900 1443 de·

94 1457 158 1509 terri
179 1456 254 1521 lecit,
278 1464 303 1511 et
320 1462 452 1528 quantum
472 1458 619 1514 Ecclesiam
643 1467 776 1528 nostram,
794 1461 822 1515 in
845 1460 901 1514 vita

94 1527 249 1594 dilexisset,
268 1527 296 1581 in
308 1526 362 1582 dne
378 1527 584 1586 demonstravit.
603 1531 723 1586 llicdum
737 1531 841 1587 viveret
850 1546 901 1586 no-

952 336 1054 388 rarum,
1069 338 1150 393 quam
1166 337 1314 392 eprscopus
1330 321 1482 377 animarum
1495 323 1593 378 merito
1608 338 1688 393 posse
1702 324 1757 382 dici

950 392 1100 448 videretur.
1110 394 1255 464 Postquam
1267 409 1333 448 vero
1345 393 1407 448 libri
1418 394 1447 447 B.
1463 393 1609 467 augustini
1621 395 1758 454 Delibero

951 462 1065 520 arbitrio
1086 473 1114 519 et
1133 480 1195 519 vera
1216 464 1350 538 religione
1369 464 1396 519 in
1412 467 1511 520 manus
1538 465 1597 536 ejus
1613 474 1757 534 venerunt,

950 535 1041 589 statim
1061 543 1182 593 mutatus
1204 535 1232 590 in
1257 552 1351 591 verum
1383 536 1478 601 alium,
1499 539 1583 608 coepit
1601 537 1680 593 odire
1694 554 1756 610 quae

949 605 1092 673 dilexerat,
1105 615 1132 662 et
1150 606 1266 680 diligere
1282 624 1343 679 quaa
1358 607 1434 679 prius
1458 607 1563 662 oderat.
1579 607 1644 663 lesu
1659 607 1733 665 bone
1749 609 1757 664 l

949 686 1052 748 quanta
1077 678 1197 734 bominis
1219 678 1347 734 mutatiol
1376 678 1416 734 Fit
1440 678 1468 732 in
1496 695 1634 750 pauperes
1659 679 1756 737 Christi

949 763 1040 803 rerum
1059 749 1212 815 distractio,
1237 749 1292 805 cibi
1307 757 1336 805 et
1351 758 1433 820 potus
1455 749 1635 819 abstinentia,
1663 752 1756 808 carnis

949 821 1109 886 ntaceratie,
1129 829 1156 876 et
1175 837 1258 878 omne
1273 821 1394 876 studium
1422 822 1496 893 quod
1524 822 1552 876 in
1572 820 1752 879 saecularibus

949 890 1105 961 disciplinis
1119 892 1312 964 insumpserat,
1333 893 1359 947 in
1377 908 1466 948 reram
1481 901 1646 949 convertens
1664 894 1757 965 philo·

949 963 1075 1032 sophiam
1092 963 1127 1018 de
1157 964 1301 1034 discipulis
1316 964 1407 1020 socios
1432 964 1506 1029 lecit,
1522 967 1648 1034 exemplo
1671 965 1713 1020 sui
1728 973 1755 1022 et

949 1033 1073 1088 doctrina
1103 1036 1203 1090 multos
1231 1035 1377 1102 convertit,
1405 1043 1433 1090 et
1460 1037 1635 1107 postmodum
1659 1038 1756 1094 relicto

949 1103 1016 1158 loris
1037 1105 1138 1161 clerico
1154 1106 1306 1161 monaclms
1321 1105 1445 1169 effectus,
1465 1108 1662 1162 monasterium
1680 1109 1754 1179 quod
1807 1165 1814 1175 ,

949 1175 1052 1230 dicitur
1080 1177 1115 1230 ad
1146 1178 1173 1231 S.
1203 1178 1346 1232 llartinum
1377 1178 1490 1233 Ternaci
1515 1178 1678 1234 construxit.
1714 1180 1754 1234 db

939 1247 1080 1315 ,omnibus
1092 1247 1138 1319 qui
1152 1265 1201 1320 per
1219 1264 1282 1302 eum
1296 1248 1338 1302 vel
1354 1265 1416 1304 curn
1432 1264 1465 1304 eo
1477 1248 1609 1304 mundum
1627 1250 1751 1322 relique·

950 1326 1010 1371 rant
1032 1317 1058 1372 in
1074 1318 1203 1375 abbatem
1220 1319 1340 1392 eligitur,
1369 1328 1555 1376 consecratur.
1584 1320 1666 1375 llulta
1682 1339 1755 1393 prae·

950 1394 1037 1454 tereo,
1052 1390 1116 1461 quia
1132 1390 1166 1444 ad
1185 1390 1237 1445 alia
1258 1390 1366 1446 l'estino.
1392 1391 1467 1446 Tunc
1490 1407 1555 1463 vero
1567 1391 1646 1463 quasi
1661 1391 1754 1449 lumen

951 1459 979 1513 in
1000 1460 1113 1532 regione
1124 1462 1171 1516 illa
1186 1462 1275 1517 visum
1291 1462 1417 1518 estorlri.
1429 1462 1550 1532 Populus
1561 1462 1634 1517 enim
1651 1464 1685 1518 ad
1696 1465 1755 1532 cjtrs

951 1531 1174 1601 praedicationem
1190 1533 1411 1588 convertebatur.
1427 1532 1502 1587 lnter
1516 1533 1644 1605 conjugia
1656 1537 1756 1601 utrius-

92 1597 136 1651 bis
150 1598 228 1653 Pater
243 1608 301 1653 erat
314 1600 441 1665 consilio,
453 1608 542 1656 mater
558 1602 671 1672 pietate,
692 1602 798 1658 amicus
812 1602 898 1658 bene·
951 1618 1006 1686 que
1024 1603 1109 1673 partis
1124 1603 1226 1659 fiebant
1240 1610 1334 1659 sancta
1356 1603 1484 1665 divortia,
1505 1612 1598 1676 patres
1614 1621 1629 1659 a
1650 1605 1713 1661 tiliis
1728 1614 1755 1663 et

93 1667 177 1736 fici03
199 1685 251 1724 nec
266 1670 366 1725 mirum
383 1671 406 1725 si
422 1672 589 1727 desiderium
606 1674 761 1743 praesentiae
778 1674 838 1743 ejus
849 1689 896 1728 ne·
953 1673 1001 1728 [dii
1025 1690 1040 1728 a
1069 1674 1230 1745 parentibus
1252 1674 1344 1747 gladio
1371 1675 1448 1730 verbi
1476 1675 1523 1730 Dei
1549 1675 1753 1744 dividebantur,

92 1741 204 1811 quimus
223 1741 372 1806 sustinere,
398 1742 501 1814 quibus
520 1745 635 1819 contigit
666 1746 810 1816 praesentis
837 1745 899 1801 ritae
949 1746 1135 1801 omnessleut
1154 1746 1523 1818 intemporeapostolerum
1553 1747 1580 1801 in
1607 1763 1754 1805 commune

92 1811 219 1867 solatium
234 1812 371 1868 amisisse.
384 1814 507 1870 Nostram
522 1817 637 1886 quippe,
654 1832 710 1872 nort
725 1816 801 1872 illius
811 1816 897 1872 vicem
949 1812 1102 1872 atterebant
1113 1817 1304 1889 pretiaeerum
1319 1834 1380 1888 qure
1390 1817 1708 1888 possederantjmenes
1722 1836 1754 1876 ac

93 1882 231 1952 delemus,
242 1884 307 1956 quia
324 1899 374 1940 nos
389 1885 479 1941 adbuc
493 1887 566 1941 inter
577 1887 691 1959 laqueos
706 1888 789 1957 hujus
804 1887 899 1943 saeculi
949 1886 1081 1970 virgines,
1105 1904 1261 1944 senescunt
1279 1887 1437 1957 junioribus
1464 1887 1588 1944 certatim
1606 1889 1687 1958 liujus
1702 1907 1754 1946 sae·

93 1954 330 2010 incedcnteseum
350 1955 513 2013 admeliora
532 1959 899 2015 evasissecredimus.Cre·
950 1959 1003 2012 cult
1023 1959 1158 2015 sarcinam
1186 1959 1378 2031 projiciebant,
1400 1968 1428 2015 et
1452 1959 1565 2032 quasij
1638 1963 1674 2016 de
1701 1962 1753 2018 hoc
1804 2024 1809 2030 ‚

93 2025 195 2088 dimus,
212 2026 336 2098 inquam,
351 2028 416 2099 quia
429 2044 490 2083 cum
504 2029 587 2098 justis
608 2030 689 2087 modo
707 2031 900 2086 laetusdeean-
949 2030 1054 2086 mondo
1074 2046 1129 2086 non
1149 2039 1245 2086 essent
1261 2031 1327 2086 nudi
1344 2047 1375 2087 ac
1387 2030 1462 2086 leves
1486 2031 1519 2085 ad
1536 2047 1578 2087 coa
1610 2047 1635 2085 m
1659 2033 1753 2088 volare

62 2123 65 2127 ·
92 2104 145 2152 tat:
167 2099 243 2153 Sicut
257 2100 423 2167 audivimus,
439 2103 480 2155 tto
492 2103 611 2156 vidimata
622 2105 652 2156 ia
670 2104 779 2157 civitate
793 2104 902 2158 Domirri
968 2102 1112 2157 estiebant
1131 2102 1230 2157 Civitas
1241 2118 1335 2159 corum
1347 2102 1426 2185 quasi
1437 2117 1531 2157 carcer
1548 2102 1659 2158 eisesse
1674 2103 1753 2158 vide·

94 2170 174 2236 (Prot.
190 2186 274 2237 xtvrx,
289 2170 328 2240 9),
355 2180 382 2225 et
404 2188 465 2227 cum
485 2171 578 2244 Mopse
606 2173 758 2228 admiratur
785 2174 897 2229 dicens:
950 2117 1040 2236 fiatur,
1057 2174 1254 2229 monasterium
1270 2175 1425 2246 paradisus.
1442 2174 1502 2245 lpse
1517 2180 1607 2229 autem
1624 2172 1754 2230 omnibus

94 2242 243 2296 Troasieas
267 2241 361 2297 videbe
386 2245 517 2298 visionem
545 2244 614 2300 banc
639 2261 766 2314 magnam
798 2245 897 2316 (and.
948 2245 1043 2300 ornaria
1065 2243 1308 2312 lactus,‘inlrrmis
1340 2244 1466 2300 infirmus
1490 2245 1515 2314 (l
1541 2247 1600 2303 Cor.
1631 2261 1670 2313 rx,
1692 2247 1751 2314 22),

91 2327 133 2377 ιιι,
153 2313 190 2382 5).
207 2310 332 2385 Magnam
361 2324 523 2369 nunccerte
540 2315 587 2370 Dei
605 2316 686 2370 habet
709 2316 803 2370 videre
819 2316 899 2372 visio·
949 2315 1023 2370 sanis
1044 2315 1173 2371 robustus
1198 2316 1358 2388 apparebat,
1387 2325 1414 2372 et
1433 2315 1510 2388 quasi
1537 2316 1753 2389 omniumpater

92 2398 167 2445 nem,
203 2382 229 2436 ui
246 2390 396 2438 comesset
415 2385 442 2439 in
463 2400 590 2456 corpore,
612 2402 666 2442 non
682 2402 773 2452 suam,
795 2387 843 2442 sed
868 2387 899 2441 il·
948 2386 1085 2450 esset,sie
1112 2387 1236 2443 omnium
1264 2404 1298 2442 ex
1312 2389 1405 2443 animo
1426 2403 1519 2443 curam
1547 2388 1672 2462 gerebat.
1694 2387 1751 2444 llett

91 2453 146 2508 lius
166 2399 263 2509 dffiexit
279 2454 461 2511 voluntatem.
486 2456 552 2521 Quis
573 2467 663 2512 autem
691 2459 805 2513 virtutes
830 2474 899 2530 quas
949 2458 1130 2512 humanarum
1146 2459 1362 2516 ,reruminccrta
1383 2458 1521 2530 previsiol
1537 2458 1618 2514 Laetis
1644 2460 1750 2530 princi·

92 2525 255 2596 possederat
266 2526 350 2600 digne
362 2527 451 2582 valeat
465 2528 629 2584 enuntiare?
641 2529 710 2594 Quid
727 2529 852 2602 potiusin
864 2545 897 2586 eo
969 2528 1001 2583 iis
1016 2528 1103 2583 adluit
1118 2529 1244 2596 tentatio,
1265 2537 1293 2586 ct
1312 2531 1406 2592 Satan,
1448 2530 1474 2586 ui
1490 2530 1572 2585 etiam
1590 2531 1663 2586 inter
1678 2530 1751 2587 lilios

89 2596 224 2651 laudare?
240 2596 268 2651 Si
284 2596 454 2668 patientiam,
472 2600 495 2653 si
514 2599 724 2676 benignitatem,
740 2601 762 2656 si
789 2601 897 2655 humili·
947 2545 996 2654 Bet
1019 2600 1117 2668 adluit,
1142 2601 1257 2672 expetiit
1277 2617 1325 2657 cos
1348 2608 1378 2657 ut
1397 2602 1436 2656 cri
1458 2608 1531 2656 raret
1544 2601 1615 2656 sicut
1630 2601 1750 2658 triticum

89 2675 172 2722 tatem
193 2667 254 2736 ejus
278 2668 424 2739 praedices,
442 2671 577 2743 quidquid
603 2672 705 2727 dixeris
723 2672 814 2727 minus
833 2672 895 2727 erit.
947 2673 1021 2736 (Luc.
1037 2687 1103 2738 xxrr,
1119 2672 1172 2742 3¹l·
1195 2672 1224 2727 ln
1248 2672 1376 2729 hocloco
1399 2671 1526 2744 quiescat
1551 2672 1679 2743 scorpius
1706 2689 1752 2728 ar·

86 2739 160 2794 ltain
176 2738 293 2813 singulis
309 2740 459 2803 eminebat,
475 2743 683 2814 qnasi-ceteras
699 2759 753 2800 non
770 2744 893 2799 baberet.
946 2749 1027 2798 cuato
1047 2742 1161 2798 vulnere
1173 2759 1280 2799 venena
1295 2743 1474 2799 detractionis
1495 2742 1652 2809 intendere,
1676 2751 1703 2799 ct
1715 2744 1750 2799 ad

87 2811 118 2865 tr
136 2809 183 2865 ubi
202 2811 392 2882 quotidianam
408 2813 468 2881 ejus
481 2814 563 2869 vitam
576 2815 647 2870 tritis
662 2823 690 2870 et
702 2815 895 2871 communibus
945 2813 1111 2869 calumniam
1137 2816 1203 2869 tanti
1229 2814 1279 2870 viri
1302 2831 1358 2871 non
1398 2816 1508 2880 rcterat,
1535 2815 1608 2887 quod
1636 2815 1750 2886 quidam

89 2881 181 2936 verbis
196 2881 318 2937 breviter
337 2883 508 2940 edisseram?
524 2885 594 2941 lllitls
619 2894 678 2941 erat
693 2884 785 2950 allatu,
806 2887 894 2941 dulcis
945 2884 1169 2942 dImissosancto
1189 2885 1379 2957 propositoml
1407 2885 1538 2942 saeculum
1556 2886 1749 2953 redierunt,si

90 2953 223 3025 alloquio.
249 2953 320 3008 Nihil
338 2954 412 3009 illius
424 2956 571 3012 severitate
590 2958 691 3018 laetins,
708 2957 775 3012 nilril
800 2957 894 3012 laetitia
946 2955 1080 3010 Christum
1093 2972 1147 3012 non
1172 2958 1257 3013 audet
1269 2958 1486 3028 reprehendere,
1499 2956 1663 3028 quodmulti
1692 2958 1749 3013 dis-

89 3025 224 3093 sererius,
244 3025 404 3098 gravitatem
434 3043 539 3082 morum
556 3029 649 3084 vultus
669 3029 807 3093 hilaritas;
825 3029 894 3083 lrila-
909 2994 1097 3098 Ccipulorum
1113 3028 1173 3096 ejus
1188 3028 1316 3084 abierunt
1332 3036 1415 3095 retro,
1431 3037 1458 3083 et
1479 3029 1533 3098 jam
1549 3044 1611 3084 earn
1627 3029 1674 3085 illo
1693 3045 1748 3084 non

89 3096 196 3151 ritatem
218 3112 283 3151 vero
315 3098 406 3152 vultus
431 3114 537 3154 morum
566 3102 686 3174 gravitas
713 3100 894 3170 temperabat.
945 3098 1123 3153 ambulabant
1137 3101 1224 3169 (Joorr.
1238 3117 1275 3167 vr,
1297 3100 1351 3168 67).
1374 3101 1468 3154 Pareat
1483 3100 1675 3171 unusquisque
1696 3100 1750 3155 lin-

88 3166 196 3221 llentiri
211 3167 398 3235 etjnrareaut
418 3167 560 3225 nesciebat
572 3180 619 3226 aut
639 3169 759 3226 nolebat.
778 3171 896 3243 linguas
945 3184 1016 3241 guae,
1037 3176 1129 3240 parcat
1142 3169 1242 3225 animae
1262 3185 1330 3238 suae,
1346 3170 1545 3242 nequissimum
1561 3171 1656 3225 vitium
1693 3172 1749 3226 nasi

89 3238 382 3310 quequeadulantium
399 3255 447 3294 seu
460 3239 662 3296 detrahentium
699 3241 895 3296 rudenterea-
945 3241 1124 3295 novrssimum
1140 3240 1243 3296 diaboli
1265 3240 1394 3365 lagueum
1415 3241 1517 3297 nitatur
1531 3241 1659 3296 evadere.
1707 3257 1749 3296 am

88 3259 896 3384 vebat,etutrumquegenushominumvefixtpestesani-
946 3310 1114 3391 precisum,
1140 3318 1170 3365 ut
1194 3311 1276 3366 etlam
1313 3311 1489 3384 ereligiosis
1512 3320 1628 3379 taceam,
1651 3311 1751 3383 quiita
1828 3352 1830 3357 -

88 3396 141 3435 mre
155 3380 247 3436 animo
262 3380 394 3455 fugiebat.
416 3381 584 3437 Contraillas
598 3384 722 3454 sepiebat
737 3399 896 3439 auressuas
946 3381 1216 3452 irreprehensibilem
1244 3381 1393 3436 exlribeant
1418 3383 1499 3437 vitam
1525 3399 1614 3447 suam,
1640 3393 1670 3438 ut
1694 3398 1750 3439 non

88 3452 200 3523 spinis,
245 3468 280 3507 nc
318 3453 426 3508 audiret
465 3453 585 3525 linguam
630 3470 749 3527 nequam
791 3456 894 3521 (Eccli.
945 3451 1412 3579 libenterreprelrendantalienam
1440 3452 1750 3518 Quidmultaltantam

88 3523 250 3590 xxvru,28).
285 3522 383 3579 Contra
415 3524 483 3580 istos
515 3525 649 3596 scriptum
678 3542 741 3581 esse
769 3526 893 3582 sciebat:
946 3524 1086 3579 lucernam
1123 3524 1223 3579 hristus
1236 3522 1488 3579 submodiolatcre
1503 3540 1560 3579 non
1576 3524 1689 3595 patitur,
1701 3529 1749 3581 sed

89 3593 177 3648 l'erba
193 3594 364 3650 adulatorum
385 3595 489 3660 mollia,
519 3595 623 3652 feriunt
648 3605 738 3652 autern
763 3596 894 3653 interiora
944 3610 994 3720 per
1013 3596 1059 3650 llei
1072 3595 1201 3722 gratiam,
1216 3595 1386 3651 utomnibus
1402 3594 1450 3667 qui
1469 3595 1496 3648 in
1513 3595 1595 3650 domo
1611 3596 1672 3668 ejus
1687 3605 1751 3653 sunt

89 3665 194 3720 ventris
213 3668 301 3735 (Pron.
322 3683 399 3734 xrrn,
415 3668 449 3738 8).
471 3666 543 3722 Nulli
559 3668 661 3724 malurn
678 3684 728 3739 pro
744 3667 816 3724 malo
831 3669 893 3723 red·
955 3669 1068 3738 uceret(
1099 3667 1159 3721 atta
1184 3682 1212 3734 v,
1227 3667 1283 3737 to),
1298 3666 1332 3721 ad
1345 3665 1536 3738 episcopatum
1547 3664 1752 3724 Cameracensis

89 3737 181 3802 debat,
195 3736 238 3791 vel
253 3736 428 3794 maledictum
444 3755 493 3810 pro
511 3740 658 3796 maledieto
674 3741 695 3808 (l
711 3743 779 3795 l’etr.
794 3756 833 3805 nr,
849 3741 892 3808 a),
945 3737 1072 3792 Ecclesiae
1097 3737 1254 3793 assumitur.
1280 3738 1356 3794 Tunc
1381 3753 1448 3794 vcro
1475 3746 1578 3809 quanta
1606 3739 1751 3811 qualisque

89 3815 116 3863 et
131 3809 209 3880 quasi
226 3824 314 3873 agnus
333 3810 405 3865 inter
420 3810 446 3865 lu
458 3827 500 3866 ros
525 3810 625 3866 missus
645 3827 765 3866 morsum
782 3811 893 3867 malitiae
944 3808 999 3863 vita
1012 3809 1072 3879 ejus
1091 3808 1182 3874 tuerit,
1198 3824 1280 3882 quam
1304 3809 1427 3880 pristinae
1443 3808 1607 3865 humilitatis
1619 3811 1662 3866 vel
1682 3827 1752 3881 pau·

71 3896 147 3934 ‚nen
175 3879 305 3934 habebat.
333 3828 495 3937 Prot-todia
526 3882 600 3939 bona
620 3899 675 3938 non
689 3882 778 3938 solum
803 3898 894 3938 coram
944 3881 1059 3953 pertatis
1074 3895 1182 3936 memor
1200 3881 1393 3962 permanserit.
1412 3887 1452 3936 tot
1467 3881 1646 3952 producimus
1667 3889 1752 3939 testes

948 3957 1015 4023 quot
1033 3951 1060 4004 ia
1075 3951 1183 4007 civitate
1199 3951 1245 4007 rlla
1260 3952 1395 4009 habentur
1413 3952 1549 4008 hemines.
1562 3952 1673 4020 Verum,
1688 3955 1753 4026 quia

944 4022 1056 4096 longius
1065 4023 1100 4078 ab
1116 4022 1237 4093 incoepto
1253 4024 1368 4095 digressi
1383 4039 1488 4092 snmus,
1500 4024 1556 4092 jam
1567 4025 1601 4079 ad
1618 4036 1750 4098 agrotum

91 4092 254 4163 apostolieae
273 4094 356 4148 etiam
385 4095 518 4150 doctrina
560 4097 635 4153 catice
667 4097 770 4171 refulge
792 4105 830 4164 at,
856 4106 893 4163 ct,
945 4101 1067 4149 nostrum
1083 4095 1244 4166 postpositis
1259 4095 1389 4150 omnibus
1408 4096 1565 4162 redeamus,
1585 4103 1622 4160 et,
1651 4110 1751 4167 aspre

91 4171 224 4236 quantum
246 4165 272 4219 ln
288 4180 317 4220 se
333 4172 402 4233 erat,
423 4173 476 4221 tam
492 4113 577 4223 vergo
593 4168 797 4240 praedicationis
811 4185 892 4240 quam
945 4165 1028 4222 nobis
1047 4181 1139 4221 moras
1165 4164 1293 4236 patiatur,
1315 4167 1375 4235 ejus
1405 4166 1438 4220 ad
1458 4165 1572 4240 gloriam
1607 4166 1750 4221 transitum

90 4235 195 4306 optima
218 4251 324 4291 morum
353 4236 527 4293 institutione
555 4255 571 4294 a
603 4240 703 4295 sacculo
736 4240 883 4296 revocabat
946 4235 1068 4293 breviter
1082 4236 1242 4291 referamus.
1262 4236 1465 4361 aquicinctum,
1482 4235 1552 4318 sicut
1571 4235 1700 4318 diximus,
1721 4254 1752 4293 se

91 4309 165 4361 lnter
185 4307 281 4362 lrarum
296 4308 414 4381 insignia
426 4309 556 4364 virtutum
569 4310 721 4365 castitatem
736 4310 764 4365 in
784 4327 818 4367 eo
829 4311 891 4366 lau·
947 4306 1049 4363 deterri
1059 4307 1135 4375 lecit,
1150 4307 1197 4362 ubi
1212 4323 1288 4362 emnr
1310 4323 1344 4362 us
1368 4323 1429 4378 quae
1453 4307 1606 4362 dturstrano
1626 4309 1752 4363 monenti

90 4361 1116 4451 daresuperlluumputo,cujusvitaetiarnanteconsersio·Dconveniunt
1134 4379 1186 4433 rite
1206 4378 1334 4449 expletis,
1359 4387 1413 4433 tam
1438 4377 1538 4460 alacer,
1559 4383 1612 4433 lom
1640 4393 1753 4460 secutus

93 4465 156 4503 nem
179 4451 412 4520 procontlnentia
442 4468 524 4532 quam
554 4452 673 4508 babebat
696 4453 827 4509 omnibus
847 4452 898 4508 luit
948 4450 1125 4507 novissimam
1141 4450 1234 4505 horam
1251 4455 1410 4520 exspectare
1421 4449 1578 4516 videbatur,
1594 4465 1672 4521 quast
1694 4466 1750 4532 non

91 4522 229 4593 exemplo,
244 4528 272 4576 et
285 4522 359 4593 quod
375 4522 402 4576 in
419 4523 516 4593 pramis
529 4523 678 4579 dicendum
694 4522 759 4589 tutt;
773 4525 822 4579 sed
840 4541 896 4580 non
948 4522 1008 4595 ipse
1039 4522 1065 4576 ul
1081 4519 1281 4587 insinuabatur,
1294 4520 1342 4576 sed
1358 4519 1430 4576 alius
1441 4535 1489 4591 pro
1504 4527 1621 4576 coesset
1636 4528 1752 4577 moratu·

91 4593 186 4647 ornnia
206 4592 298 4648 dicere
314 4593 429 4649 institui.
457 4595 493 4650 Eo
522 4610 633 4667 quoque
661 4603 796 4666 tempore,
814 4595 842 4649 id
858 4602 900 4650 est
948 4609 1003 4648 rus.
1052 4591 1527 4662 ndequidamlraterinstuporcm
1548 4592 1754 4675 adductusrc·

92 4675 156 4718 ante
179 4665 401 4728 conversionem,
418 4666 492 4720 utad
513 4667 605 4737 priora
620 4666 741 4732 redeam,
764 4665 801 4720 ita
826 4671 899 4721 totus
948 4662 1030 4719 motis
1043 4663 1173 4718 omnibus
1194 4662 1315 4727 arbitris,
1331 4664 1407 4718 solus
1421 4663 1454 4717 ad
1469 4663 1559 4718 solum
1579 4672 1705 4734 accessit,
1727 4669 1754 4719 et

92 4735 215 4790 inlibris
237 4745 296 4791 crat
315 4736 392 4807 quasi
408 4736 510 4792 nullam
530 4753 559 4792 se
574 4737 700 4794 crederet
728 4736 830 4792 trabere
855 4753 897 4793 re·
948 4743 1039 4790 utrum
1057 4734 1166 4789 timeret
1186 4735 1311 4805 apposita
1337 4735 1379 4789 ori
1402 4734 1462 4806 ejus
1472 4734 1595 4790 auricula
1606 4735 1755 4808 diligenter

93 4805 197 4876 quiem,
223 4807 275 4862 nisi
301 4822 363 4862 eum
388 4824 470 4879 quem
499 4808 527 4862 in
546 4809 677 4865 exercitio
698 4808 897 4880 seripturarum
949 4805 1135 4877 investigavit.
1157 4804 1232 4861 Tunc
1247 4805 1304 4869 ille,
1318 4815 1348 4860 ut
1373 4806 1466 4861 verbis
1488 4806 1548 4874 eius
1563 4807 1669 4878 loquar,
1690 4823 1753 4862 curn

92 4877 253 4947 arripuisset
268 4878 399 4933 laborem.
418 4880 481 4935 Erat
500 4880 605 4952 quippe
617 4879 749 4934 tundalus
763 4896 897 4952 gramma·
949 4877 1068 4932 diceret:
1085 4877 1124 4932 dd
1139 4877 1205 4948 quid
1217 4877 1361 4932 timerem?
1373 4886 1401 4933 et
1415 4877 1461 4933 ille
1476 4887 1631 4950 opponeret
1643 4879 1668 4933 ci
1684 4878 1755 4950 peri·

93 4948 157 5010 tica,
175 4955 287 5003 ornatus
309 4949 457 5020 rhetorica,
473 4959 595 5006 armatus
623 4950 783 5014 dialectica;
806 4959 833 5007 et
855 4952 898 5006 lris
948 4948 1041 5004 culum
1059 4947 1755 5020 mortis,etquiajadr'ciottominiabpssusmulte

91 5019 192 5073 studiis
222 5020 414 5076 indesinenter
440 5037 503 5077 eum
524 5030 688 5094 occupatum
715 5023 798 5078 multa
818 5023 896 5078 turba
948 5019 1755 5091 (Psal.xxxv,7),ctquiarronjosttttrodtturirtcoaspectu

92 5090 289 5160 discipulorum
308 5092 487 5163 sequebatur,
516 5094 563 5166 qui
591 5095 625 5149 nd
648 5093 747 5148 lamam
768 5093 900 5149 tantiviri
952 5093 1201 5146 tuoomrn‘svr'ecas
1222 5092 1294 5157 (l’sal
1333 5091 1754 5163 cxnr,2),etcaeteralru1us-

94 5161 217 5232 undique
247 5164 406 5237 congregati
448 5165 509 5235 ejus
537 5164 683 5236 disciplina
711 5164 900 5220 sitiebantin·
952 5162 1038 5224 medi,
1055 5161 1255 5233 illepaululum
1270 5161 1398 5224 reticens,
1414 5169 1441 5217 ct
1462 5161 1541 5234 qnasi
1558 5162 1662 5233 aliquid
1678 5163 1706 5217 in
1725 5178 1756 5218 sc

92 5233 216 5298 formari,
249 5235 409 5310 magisterio
437 5236 552 5294 erudiri.
583 5236 631 5291 llic
655 5235 769 5293 lorsitan
801 5236 902 5308 aliquis
952 5232 1029 5305 prius
1044 5232 1202 5288 deliberans
1226 5233 1383 5304 respondit:
1407 5233 1465 5289 llon
1486 5233 1582 5289 timeo.
1600 5232 1757 5290 Admiratus

94 5311 281 5360 remoraretur
301 5313 328 5361 et
353 5306 458 5362 diceret
473 5324 553 5378 quam
574 5304 697 5363 ardentis
721 5305 802 5361 luerit
822 5307 902 5379 inge·
952 5311 1043 5360 autem
1056 5303 1290 5365 fratcrconticuit.
1304 5312 1467 5378 etmagnam
1484 5321 1547 5361 eum
1564 5303 1666 5360 haltere
1680 5304 1756 5361 lido-

92 5375 144 5441 nii,
159 5392 241 5448 quam
257 5376 364 5432 tenacis
383 5379 533 5441 memoria),
557 5395 638 5450 quam
663 5384 831 5448 temperatus
843 5378 900 5447 jam
951 5375 1022 5431 ciam
1039 5375 1185 5446 persenit.
1213 5375 1296 5456 ⁰¹³¹st
1313 5376 1394 5457 tertie
1410 5376 1545 5432 lialendas
1571 5376 1635 5432 tutti
1658 5377 1758 5435 beatus

94 5455 160 5503 tunc
174 5447 200 5502 in
217 5444 351 5513 moribus,
372 5448 399 5504 in
414 5449 505 5505 verbis
517 5450 636 5515 sobrius,
657 5449 685 5505 in
706 5449 830 5504 doctrina
846 5451 901 5506 sol·
952 5446 1016 5514 iste,
1047 5446 1165 5501 animam
1190 5446 1310 5503 reddrdxt
1328 5447 1443 5514 Clrnsto,
1469 5464 1520 5504 nos
1544 5463 1644 5518 corpus
1663 5449 1760 5521 sepul·

92 5519 194 5585 licitus,
211 5518 239 5573 in
259 5519 494 5592 disputationibus
509 5528 616 5588 cautus,
634 5521 662 5576 in
673 5520 813 5576 solvendis
824 5537 899 5593 qure-
950 5525 1028 5574 turae.
1046 5518 1147 5573 Omnes
1160 5516 1245 5592 igitur
1267 5518 1364 5575 tratres
1387 5525 1414 5574 ct
1430 5519 1536 5576 demini
1565 5519 1598 5572 ad
1613 5533 1683 5591 quos
1702 5523 1761 5575 bec

91 5589 232 5646 stionibus
252 5597 414 5674 promptus;
433 5599 507 5648 tauta
529 5593 652 5665 denique
671 5591 698 5646 in
721 5592 826 5648 scholis
841 5593 901 5662 eius
951 5589 1069 5664 legenda
1093 5589 1252 5671 pervenerit
1265 5604 1386 5671 oramus,
1402 5598 1493 5648 ctvos
1506 5603 1557 5662 pro
1572 5604 1605 5671 eo
1620 5590 1693 5661 quod
1711 5604 1763 5662 pro

93 5662 901 5736 quies,tantapaxrnterdiscipulos,etvitaecompositioper
950 5677 980 5718 se
993 5677 1044 5718 nos
1058 5668 1155 5718 οιιιιιιι.
1172 5661 1310 5718 secretius
1325 5675 1400 5718 enam
1416 5661 1472 5722 loei
1492 5666 1581 5720 nestra
1604 5659 1703 5713 abbate
1727 5657 1770 5709 ad

262 5763 413 5834 Parnon.
438 5764 537 5831 CLX.
1531 5755 1583 5819 ‘ab

91 3950 221 4015 ltro,sed
251 3951 333 4005 etiam
364 3968 454 4007 coram
483 3954 642 4009 bominibus
670 3954 744 4022 (Rom
771 3955 892 4023 mali),

91 4029 120 4076 ut
131 4022 191 4076 sine
206 4020 360 4078 offensione
381 4034 511 4093 praeesset
525 4025 654 4080 Ecclesiae
670 4042 751 4096 quam
769 4025 893 4152 gerebat.
