<?xml version="1.0" encoding="UTF-8"?>
<!DOCTYPE html PUBLIC "-//W3C//DTD XHTML 1.0 Transitional//EN"
    "http://www.w3.org/TR/xhtml1/DTD/xhtml1-transitional.dtd">
<html xmlns="http://www.w3.org/1999/xhtml" xml:lang="en" lang="en">
 <head>
  <title>
</title>
<meta http-equiv="Content-Type" content="text/html;charset=utf-8" />
  <meta name='ocr-system' content='tesseract 3.04.00' />
  <meta name='ocr-capabilities' content='ocr_page ocr_carea ocr_par ocr_line ocrx_word'/>
</head>
<body>
  <div class='ocr_page' id='page_1' title='image "./patrologiaecurs69unkngoog_0122.png"; bbox 0 0 3720 6014; ppageno 0'>
   <div class='ocr_carea' id='block_1_1' title="bbox 72 212 1736 285">
    <p class='ocr_par' dir='ltr' id='par_1_1' title="bbox 72 212 1736 285">
     <span class='ocr_line' id='line_1_1' title="bbox 72 212 1736 285; baseline 0.01 -17"><span class='ocrx_word' id='word_1_1' title='bbox 72 212 123 268; x_wconf 74' lang='lat'><em>233</em></span> <span class='ocrx_word' id='word_1_2' title='bbox 819 222 995 278; x_wconf 77' lang='lat' dir='ltr'><em>dhhhh&#39;tdc.</em></span> <span class='ocrx_word' id='word_1_3' title='bbox 1683 231 1736 285; x_wconf 70' lang='lat' dir='ltr'><em>ist</em></span> 
     </span>
    </p>
   </div>
   <div class='ocr_carea' id='block_1_2' title="bbox 71 339 1738 1149">
    <p class='ocr_par' dir='ltr' id='par_1_2' title="bbox 72 339 1737 499">
     <span class='ocr_line' id='line_1_2' title="bbox 74 339 1737 425; baseline 0.013 -33"><span class='ocrx_word' id='word_1_4' title='bbox 74 339 176 408; x_wconf 82' lang='lat' dir='ltr'><em>injuste</em></span> <span class='ocrx_word' id='word_1_5' title='bbox 187 344 213 395; x_wconf 86' lang='lat' dir='ltr'><em>et</em></span> <span class='ocrx_word' id='word_1_6' title='bbox 227 344 439 410; x_wconf 78' lang='lat' dir='ltr'><em>superposuisse,</em></span> <span class='ocrx_word' id='word_1_7' title='bbox 451 345 475 395; x_wconf 90' lang='lat' dir='ltr'><em>et</em></span> <span class='ocrx_word' id='word_1_8' title='bbox 487 342 618 412; x_wconf 78' lang='lat' dir='ltr'><em>ivtjustom</em></span> <span class='ocrx_word' id='word_1_9' title='bbox 629 351 839 413; x_wconf 75' lang='lat' dir='ltr'><em>persecutionem</em></span> <span class='ocrx_word' id='word_1_10' title='bbox 852 351 882 404; x_wconf 90' lang='lat' dir='ltr'><em>in</em></span> <span class='ocrx_word' id='word_1_11' title='bbox 892 354 919 422; x_wconf 80' lang='grc' dir='ltr'>Α</span> <span class='ocrx_word' id='word_1_12' title='bbox 934 351 1060 406; x_wconf 81' lang='lat' dir='ltr'><em>leodium</em></span> <span class='ocrx_word' id='word_1_13' title='bbox 1088 354 1159 417; x_wconf 77' lang='lat' dir='ltr'><em>nenti,</em></span> <span class='ocrx_word' id='word_1_14' title='bbox 1189 355 1216 405; x_wconf 84' lang='lat' dir='ltr'><em>in</em></span> <span class='ocrx_word' id='word_1_15' title='bbox 1252 352 1349 420; x_wconf 85' lang='lat' dir='ltr'><em>quihus</em></span> <span class='ocrx_word' id='word_1_16' title='bbox 1372 354 1435 407; x_wconf 86' lang='lat' dir='ltr'><em>loeis</em></span> <span class='ocrx_word' id='word_1_17' title='bbox 1474 358 1546 409; x_wconf 82' lang='lat' dir='ltr'><em>siros</em></span> <span class='ocrx_word' id='word_1_18' title='bbox 1572 356 1664 425; x_wconf 64' lang='lat' dir='ltr'><em>sidetes</em></span> <span class='ocrx_word' id='word_1_19' title='bbox 1691 361 1737 412; x_wconf 85' lang='lat' dir='ltr'><em>in-</em></span> 
     </span>
     <span class='ocr_line' id='line_1_3' title="bbox 72 431 1053 499; baseline 0.011 -16"><span class='ocrx_word' id='word_1_20' title='bbox 72 431 250 499; x_wconf 82' lang='lat' dir='ltr'><em>cpostoticcm</em></span> <span class='ocrx_word' id='word_1_21' title='bbox 265 431 354 485; x_wconf 83' lang='lat' dir='ltr'><em>sedem</em></span> <span class='ocrx_word' id='word_1_22' title='bbox 363 436 388 486; x_wconf 89' lang='lat' dir='ltr'><em>et</em></span> <span class='ocrx_word' id='word_1_23' title='bbox 397 448 502 487; x_wconf 73' lang='lat' dir='ltr'><em>ornnem</em></span> <span class='ocrx_word' id='word_1_24' title='bbox 511 435 655 491; x_wconf 74' lang='lat' dir='ltr'><em>arannem</em></span> <span class='ocrx_word' id='word_1_25' title='bbox 666 438 793 494; x_wconf 84' lang='lat' dir='ltr'><em>hactenus</em></span> <span class='ocrx_word' id='word_1_26' title='bbox 808 456 882 495; x_wconf 76' lang='lat' dir='ltr'><em>ean·</em></span> <span class='ocrx_word' id='word_1_27' title='bbox 932 444 997 496; x_wconf 87' lang='lat' dir='ltr'><em>ueni</em></span> <span class='ocrx_word' id='word_1_28' title='bbox 1008 441 1053 494; x_wconf 77' lang='lat'><em>¹⁷⁹.</em></span> 
     </span>
    </p>

    <p class='ocr_par' dir='ltr' id='par_1_3' title="bbox 71 523 1738 1149">
     <span class='ocr_line' id='line_1_4' title="bbox 73 523 1738 606; baseline 0.01 -31"><span class='ocrx_word' id='word_1_29' title='bbox 73 523 171 576; x_wconf 73' lang='lat' dir='ltr'><em>tuisse.</em></span> <span class='ocrx_word' id='word_1_30' title='bbox 203 523 351 577; x_wconf 83' lang='lat' dir='ltr'><em>Tunceum</em></span> <span class='ocrx_word' id='word_1_31' title='bbox 365 525 489 578; x_wconf 82' lang='lat' dir='ltr'><em>munima</em></span> <span class='ocrx_word' id='word_1_32' title='bbox 512 528 600 580; x_wconf 81' lang='lat' dir='ltr'><em>animi</em></span> <span class='ocrx_word' id='word_1_33' title='bbox 625 531 783 584; x_wconf 78' lang='lat' dir='ltr'><em>contritione</em></span> <span class='ocrx_word' id='word_1_34' title='bbox 808 532 884 587; x_wconf 80' lang='lat' dir='ltr'><em>hiemi</em></span> <span class='ocrx_word' id='word_1_35' title='bbox 969 530 1136 599; x_wconf 88' lang='lat' dir='ltr'><em>imperatore</em></span> <span class='ocrx_word' id='word_1_36' title='bbox 1158 529 1284 585; x_wconf 85' lang='lat' dir='ltr'><em>lleinrico</em></span> <span class='ocrx_word' id='word_1_37' title='bbox 1313 538 1437 586; x_wconf 88' lang='lat' dir='ltr'><em>morante</em></span> <span class='ocrx_word' id='word_1_38' title='bbox 1452 532 1554 600; x_wconf 87' lang='lat' dir='ltr'><em>Leodii,</em></span> <span class='ocrx_word' id='word_1_39' title='bbox 1577 534 1650 591; x_wconf 82' lang='lat' dir='ltr'><em>filins</em></span> <span class='ocrx_word' id='word_1_40' title='bbox 1677 538 1738 606; x_wconf 86' lang='lat' dir='ltr'><em>ejus</em></span> 
     </span>
     <span class='ocr_line' id='line_1_5' title="bbox 73 614 1737 693; baseline 0.013 -29"><span class='ocrx_word' id='word_1_41' title='bbox 73 615 240 680; x_wconf 79' lang='lat' dir='ltr'><em>prostratus,</em></span> <span class='ocrx_word' id='word_1_42' title='bbox 249 614 317 681; x_wconf 74' lang='lat' dir='ltr'><em>cepi</em></span> <span class='ocrx_word' id='word_1_43' title='bbox 323 628 372 680; x_wconf 83' lang='lat' dir='ltr'><em>per</em></span> <span class='ocrx_word' id='word_1_44' title='bbox 380 615 475 680; x_wconf 71' lang='lat' dir='ltr'><em>Deum</em></span> <span class='ocrx_word' id='word_1_45' title='bbox 490 631 537 684; x_wconf 84' lang='lat' dir='ltr'><em>per</em></span> <span class='ocrx_word' id='word_1_46' title='bbox 552 618 881 689; x_wconf 82' lang='lat' dir='ltr'><em>ipsemjustitinmorarc‚</em></span> <span class='ocrx_word' id='word_1_47' title='bbox 933 620 1102 693; x_wconf 72' lang='lat' dir='ltr'><em>aquasgrani</em></span> <span class='ocrx_word' id='word_1_48' title='bbox 1119 621 1212 688; x_wconf 90' lang='lat' dir='ltr'><em>venit,</em></span> <span class='ocrx_word' id='word_1_49' title='bbox 1228 629 1255 676; x_wconf 88' lang='lat' dir='ltr'><em>et</em></span> <span class='ocrx_word' id='word_1_50' title='bbox 1268 622 1364 677; x_wconf 88' lang='lat' dir='ltr'><em>volens</em></span> <span class='ocrx_word' id='word_1_51' title='bbox 1383 624 1478 678; x_wconf 89' lang='lat' dir='ltr'><em>venire</em></span> <span class='ocrx_word' id='word_1_52' title='bbox 1493 624 1615 682; x_wconf 81' lang='lat' dir='ltr'><em>leoham</em></span> <span class='ocrx_word' id='word_1_53' title='bbox 1642 639 1737 685; x_wconf 89' lang='lat' dir='ltr'><em>eontra</em></span> 
     </span>
     <span class='ocr_line' id='line_1_6' title="bbox 73 700 1737 785; baseline 0.01 -28"><span class='ocrx_word' id='word_1_54' title='bbox 73 708 103 757; x_wconf 87' lang='lat' dir='ltr'><em>ut</em></span> <span class='ocrx_word' id='word_1_55' title='bbox 113 704 188 757; x_wconf 75' lang='lat' dir='ltr'><em>metu</em></span> <span class='ocrx_word' id='word_1_56' title='bbox 200 709 225 758; x_wconf 88' lang='lat' dir='ltr'><em>et</em></span> <span class='ocrx_word' id='word_1_57' title='bbox 240 708 343 773; x_wconf 86' lang='lat' dir='ltr'><em>tempus</em></span> <span class='ocrx_word' id='word_1_58' title='bbox 358 707 442 759; x_wconf 74' lang='lat' dir='ltr'><em>mictu·</em></span> <span class='ocrx_word' id='word_1_59' title='bbox 453 706 633 772; x_wconf 62' lang='lat' dir='ltr'><em>daretemuhi</em></span> <span class='ocrx_word' id='word_1_60' title='bbox 646 712 674 764; x_wconf 83' lang='lat' dir='ltr'><em>in</em></span> <span class='ocrx_word' id='word_1_61' title='bbox 687 717 884 779; x_wconf 84' lang='lat' dir='ltr'><em>presentinom-</em></span> <span class='ocrx_word' id='word_1_62' title='bbox 935 716 1040 776; x_wconf 86' lang='lat' dir='ltr'><em>patrem</em></span> <span class='ocrx_word' id='word_1_63' title='bbox 1057 724 1136 763; x_wconf 91' lang='lat' dir='ltr'><em>suum</em></span> <span class='ocrx_word' id='word_1_64' title='bbox 1151 709 1169 762; x_wconf 81' lang='grc'><strong>5</strong></span> <span class='ocrx_word' id='word_1_65' title='bbox 1184 709 1250 764; x_wconf 85' lang='lat' dir='ltr'><em>teria</em></span> <span class='ocrx_word' id='word_1_66' title='bbox 1270 700 1416 765; x_wconf 85' lang='lat' dir='ltr'><em>dominieae</em></span> <span class='ocrx_word' id='word_1_67' title='bbox 1431 727 1526 776; x_wconf 82' lang='lat' dir='ltr'><em>coenoe,</em></span> <span class='ocrx_word' id='word_1_68' title='bbox 1541 716 1737 785; x_wconf 87' lang='lat' dir='ltr'><em>premisitsuos</em></span> 
     </span>
     <span class='ocr_line' id='line_1_7' title="bbox 73 793 1736 881; baseline 0.013 -37"><span class='ocrx_word' id='word_1_69' title='bbox 73 807 150 845; x_wconf 80' lang='lat' dir='ltr'><em>rtrum</em></span> <span class='ocrx_word' id='word_1_70' title='bbox 166 794 335 861; x_wconf 70' lang='lat' dir='ltr'><em>principum,</em></span> <span class='ocrx_word' id='word_1_71' title='bbox 350 793 422 847; x_wconf 87' lang='lat' dir='ltr'><em>unde</em></span> <span class='ocrx_word' id='word_1_72' title='bbox 437 796 562 850; x_wconf 76' lang='lat' dir='ltr'><em>innnocens</em></span> <span class='ocrx_word' id='word_1_73' title='bbox 577 813 670 864; x_wconf 76' lang='lat' dir='ltr'><em>essen,</em></span> <span class='ocrx_word' id='word_1_74' title='bbox 685 804 709 853; x_wconf 87' lang='lat' dir='ltr'><em>ct</em></span> <span class='ocrx_word' id='word_1_75' title='bbox 725 801 830 869; x_wconf 79' lang='lat' dir='ltr'><em>judicio</em></span> <span class='ocrx_word' id='word_1_76' title='bbox 843 819 884 858; x_wconf 87' lang='lat' dir='ltr'><em>me</em></span> <span class='ocrx_word' id='word_1_77' title='bbox 935 817 1120 872; x_wconf 78' lang='lat' dir='ltr'><em>preoccupare</em></span> <span class='ocrx_word' id='word_1_78' title='bbox 1131 811 1240 873; x_wconf 89' lang='lat' dir='ltr'><em>pontem</em></span> <span class='ocrx_word' id='word_1_79' title='bbox 1250 805 1553 877; x_wconf 70' lang='lat' dir='ltr'><em>apudll&#39;isatuml3l3l,</em></span> <span class='ocrx_word' id='word_1_80' title='bbox 1567 825 1600 864; x_wconf 89' lang='lat' dir='ltr'><em>ne</em></span> <span class='ocrx_word' id='word_1_81' title='bbox 1612 811 1674 881; x_wconf 89' lang='lat' dir='ltr'><em>qais</em></span> <span class='ocrx_word' id='word_1_82' title='bbox 1684 812 1736 866; x_wconf 89' lang='lat' dir='ltr'><em>sibi</em></span> 
     </span>
     <span class='ocr_line' id='line_1_8' title="bbox 71 881 1737 963; baseline 0.011 -31"><span class='ocrx_word' id='word_1_83' title='bbox 71 895 231 947; x_wconf 73' lang='lat' dir='ltr'><em>praeparem,</em></span> <span class='ocrx_word' id='word_1_84' title='bbox 251 886 276 935; x_wconf 88' lang='lat' dir='ltr'><em>et</em></span> <span class='ocrx_word' id='word_1_85' title='bbox 301 881 362 935; x_wconf 83' lang='lat' dir='ltr'><em>inde</em></span> <span class='ocrx_word' id='word_1_86' title='bbox 375 882 408 935; x_wconf 87' lang='lat' dir='ltr'><em>dc</em></span> <span class='ocrx_word' id='word_1_87' title='bbox 423 885 592 952; x_wconf 74' lang='lat' dir='ltr'><em>prinicipihns</em></span> <span class='ocrx_word' id='word_1_88' title='bbox 619 889 696 952; x_wconf 83' lang='lat' dir='ltr'><em>requi</em></span> <span class='ocrx_word' id='word_1_89' title='bbox 713 889 745 942; x_wconf 86' lang='lat' dir='ltr'><em>de</em></span> <span class='ocrx_word' id='word_1_90' title='bbox 758 891 883 957; x_wconf 60' lang='lat' dir='ltr'><em>ficlilibus</em></span> <span class='ocrx_word' id='word_1_91' title='bbox 933 889 1055 943; x_wconf 86' lang='lat' dir='ltr'><em>venienti</em></span> <span class='ocrx_word' id='word_1_92' title='bbox 1066 891 1196 945; x_wconf 79' lang='lat' dir='ltr'><em>elisiaret.</em></span> <span class='ocrx_word' id='word_1_93' title='bbox 1208 892 1260 945; x_wconf 81' lang='lat' dir='ltr'><em>Sed</em></span> <span class='ocrx_word' id='word_1_94' title='bbox 1272 891 1406 947; x_wconf 85' lang='lat' dir='ltr'>militibus</span> <span class='ocrx_word' id='word_1_95' title='bbox 1416 894 1737 963; x_wconf 86' lang='lat' dir='ltr'><em>patriseoncurrentibns</em></span> 
     </span>
     <span class='ocr_line' id='line_1_9' title="bbox 74 971 1736 1060; baseline 0.016 -39"><span class='ocrx_word' id='word_1_96' title='bbox 74 972 149 1033; x_wconf 66' lang='lat' dir='ltr'><em>rnen,</em></span> <span class='ocrx_word' id='word_1_97' title='bbox 180 983 361 1038; x_wconf 86' lang='lat' dir='ltr'><em>quoscumque</em></span> <span class='ocrx_word' id='word_1_98' title='bbox 386 971 491 1026; x_wconf 79' lang='lat' dir='ltr'><em>obsides</em></span> <span class='ocrx_word' id='word_1_99' title='bbox 524 973 628 1035; x_wconf 81' lang='lat' dir='ltr'><em>eclttnt,</em></span> <span class='ocrx_word' id='word_1_100' title='bbox 659 976 762 1031; x_wconf 75' lang='lat' dir='ltr'><em>dmum.</em></span> <span class='ocrx_word' id='word_1_101' title='bbox 786 980 884 1032; x_wconf 78' lang='lat' dir='ltr'><em>Atilia</em></span> <span class='ocrx_word' id='word_1_102' title='bbox 934 985 966 1038; x_wconf 89' lang='lat' dir='ltr'><em>ad</em></span> <span class='ocrx_word' id='word_1_103' title='bbox 986 987 1210 1054; x_wconf 79' lang='lat' dir='ltr'><em>exoccupandum</em></span> <span class='ocrx_word' id='word_1_104' title='bbox 1228 998 1351 1055; x_wconf 88' lang='lat' dir='ltr'><em>pontem,</em></span> <span class='ocrx_word' id='word_1_105' title='bbox 1372 987 1473 1043; x_wconf 81' lang='lat' dir='ltr'><em>milites</em></span> <span class='ocrx_word' id='word_1_106' title='bbox 1494 988 1542 1043; x_wconf 88' lang='lat' dir='ltr'><em>tilii</em></span> <span class='ocrx_word' id='word_1_107' title='bbox 1566 999 1678 1060; x_wconf 81' lang='lat' dir='ltr'><em>sponte</em></span> <span class='ocrx_word' id='word_1_108' title='bbox 1692 1009 1736 1046; x_wconf 92' lang='lat' dir='ltr'><em>re·</em></span> 
     </span>
     <span class='ocr_line' id='line_1_10' title="bbox 74 1063 1737 1149; baseline 0.014 -33"><span class='ocrx_word' id='word_1_109' title='bbox 74 1063 145 1117; x_wconf 75' lang='lat' dir='ltr'><em>idam</em></span> <span class='ocrx_word' id='word_1_110' title='bbox 161 1063 352 1131; x_wconf 81' lang='lat' dir='ltr'><em>leqotusdiem</em></span> <span class='ocrx_word' id='word_1_111' title='bbox 376 1065 501 1118; x_wconf 87' lang='lat' dir='ltr'><em>etlocum</em></span> <span class='ocrx_word' id='word_1_112' title='bbox 514 1067 762 1135; x_wconf 76' lang='lat' dir='ltr'><em>mietticoneoaeic,</em></span> <span class='ocrx_word' id='word_1_113' title='bbox 781 1071 882 1138; x_wconf 85' lang='lat' dir='ltr'><em>dicens,</em></span> <span class='ocrx_word' id='word_1_114' title='bbox 935 1076 1083 1146; x_wconf 89' lang='lat' dir='ltr'><em>pelluntur,</em></span> <span class='ocrx_word' id='word_1_115' title='bbox 1109 1076 1171 1130; x_wconf 86' lang='lat' dir='ltr'><em>aliis</em></span> <span class='ocrx_word' id='word_1_116' title='bbox 1196 1092 1291 1132; x_wconf 89' lang='lat' dir='ltr'><em>eorum</em></span> <span class='ocrx_word' id='word_1_117' title='bbox 1308 1079 1405 1149; x_wconf 90' lang='lat' dir='ltr'><em>captis,</em></span> <span class='ocrx_word' id='word_1_118' title='bbox 1434 1080 1495 1135; x_wconf 88' lang='lat' dir='ltr'><em>aliis</em></span> <span class='ocrx_word' id='word_1_119' title='bbox 1516 1081 1659 1137; x_wconf 83' lang='lat' dir='ltr'><em>inidosam</em></span> <span class='ocrx_word' id='word_1_120' title='bbox 1688 1085 1737 1140; x_wconf 90' lang='lat' dir='ltr'><em>de-</em></span> 
     </span>
    </p>
   </div>
   <div class='ocr_carea' id='block_1_3' title="bbox 73 1150 1737 1336">
    <p class='ocr_par' dir='ltr' id='par_1_4' title="bbox 73 1150 1737 1336">
     <span class='ocr_line' id='line_1_11' title="bbox 73 1150 1737 1246; baseline 0.01 -27"><span class='ocrx_word' id='word_1_121' title='bbox 73 1154 120 1204; x_wconf 65' lang='lat' dir='ltr'><em>W</em></span> <span class='ocrx_word' id='word_1_122' title='bbox 136 1150 178 1204; x_wconf 60' lang='lat'><em>5⁶²⁶</em></span> <span class='ocrx_word' id='word_1_123' title='bbox 191 1154 278 1204; x_wconf 59' lang='lat' dir='ltr'><em>mlum</em></span> <span class='ocrx_word' id='word_1_124' title='bbox 292 1151 384 1205; x_wconf 58' lang='lat' dir='ltr'><em>dibile</em></span> <span class='ocrx_word' id='word_1_125' title='bbox 408 1151 442 1184; x_wconf 74' lang='lat'><em>¹⁷⁸</em></span> <span class='ocrx_word' id='word_1_126' title='bbox 469 1152 654 1221; x_wconf 80' lang='lat' dir='ltr'><em>detmminnri,</em></span> <span class='ocrx_word' id='word_1_127' title='bbox 672 1162 719 1210; x_wconf 65' lang='lat' dir='ltr'><em>imi</em></span> <span class='ocrx_word' id='word_1_128' title='bbox 734 1158 810 1212; x_wconf 65' lang='lat' dir='ltr'><em>”²1²1st</em></span> <span class='ocrx_word' id='word_1_129' title='bbox 824 1174 883 1228; x_wconf 86' lang='lat' dir='ltr'><em>spes</em></span> <span class='ocrx_word' id='word_1_130' title='bbox 933 1173 1041 1238; x_wconf 81' lang='lat' dir='ltr'>mersis,</span> <span class='ocrx_word' id='word_1_131' title='bbox 1058 1172 1119 1226; x_wconf 91' lang='lat' dir='ltr'><em>aliis</em></span> <span class='ocrx_word' id='word_1_132' title='bbox 1132 1172 1245 1238; x_wconf 86' lang='lat' dir='ltr'><em>oeeisis;</em></span> <span class='ocrx_word' id='word_1_133' title='bbox 1268 1174 1340 1229; x_wconf 88' lang='lat' dir='ltr'><em>inter</em></span> <span class='ocrx_word' id='word_1_134' title='bbox 1354 1191 1425 1246; x_wconf 89' lang='lat' dir='ltr'><em>qnos</em></span> <span class='ocrx_word' id='word_1_135' title='bbox 1437 1177 1519 1232; x_wconf 89' lang='lat' dir='ltr'><em>etiam</em></span> <span class='ocrx_word' id='word_1_136' title='bbox 1540 1177 1631 1235; x_wconf 91' lang='lat' dir='ltr'><em>Bruno</em></span> <span class='ocrx_word' id='word_1_137' title='bbox 1644 1195 1737 1244; x_wconf 85' lang='lat' dir='ltr'><em>comes</em></span> 
     </span>
     <span class='ocr_line' id='line_1_12' title="bbox 73 1237 1737 1336; baseline 0.008 -24"><span class='ocrx_word' id='word_1_138' title='bbox 73 1238 158 1291; x_wconf 50' lang='lat' dir='ltr'><em>&#39;mm&#39;</em></span> <span class='ocrx_word' id='word_1_139' title='bbox 171 1252 227 1291; x_wconf 67' lang='lat'><em>0³³⁶</em></span> <span class='ocrx_word' id='word_1_140' title='bbox 241 1237 382 1293; x_wconf 57' lang='lat' dir='ltr'><em>elmi·</em></span> <span class='ocrx_word' id='word_1_141' title='bbox 402 1241 434 1294; x_wconf 62' lang='grc' dir='ltr'><em>Μ</em></span> <span class='ocrx_word' id='word_1_142' title='bbox 457 1244 539 1294; x_wconf 56' lang='grc' dir='ltr'><em>ΜΘ</em></span> <span class='ocrx_word' id='word_1_143' title='bbox 561 1244 748 1298; x_wconf 48' lang='lat' dir='ltr'><em>tribulamini</em></span> <span class='ocrx_word' id='word_1_144' title='bbox 768 1248 883 1303; x_wconf 58' lang='lat' dir='ltr'><em>“mm</em></span> <span class='ocrx_word' id='word_1_145' title='bbox 933 1259 1042 1316; x_wconf 88' lang='lat' dir='ltr'><em>occisus</em></span> <span class='ocrx_word' id='word_1_146' title='bbox 1056 1267 1106 1316; x_wconf 88' lang='lat' dir='ltr'><em>est.</em></span> <span class='ocrx_word' id='word_1_147' title='bbox 1124 1261 1168 1316; x_wconf 87' lang='lat' dir='ltr'><em>Sie</em></span> <span class='ocrx_word' id='word_1_148' title='bbox 1182 1260 1255 1318; x_wconf 85' lang='lat' dir='ltr'><em>filius</em></span> <span class='ocrx_word' id='word_1_149' title='bbox 1277 1272 1371 1319; x_wconf 89' lang='lat' dir='ltr'><em>eontra</em></span> <span class='ocrx_word' id='word_1_150' title='bbox 1390 1274 1493 1335; x_wconf 89' lang='lat' dir='ltr'><em>patrem</em></span> <span class='ocrx_word' id='word_1_151' title='bbox 1514 1267 1638 1336; x_wconf 87' lang='lat' dir='ltr'><em>veniens,</em></span> <span class='ocrx_word' id='word_1_152' title='bbox 1655 1271 1737 1326; x_wconf 88' lang='lat' dir='ltr'><em>rediit</em></span> 
     </span>
    </p>
   </div>
   <div class='ocr_carea' id='block_1_4' title="bbox 72 1330 1736 1425">
    <p class='ocr_par' dir='ltr' id='par_1_5' title="bbox 72 1330 1736 1425">
     <span class='ocr_line' id='line_1_13' title="bbox 72 1330 1736 1425; baseline 0.011 -29"><span class='ocrx_word' id='word_1_153' title='bbox 72 1344 132 1382; x_wconf 65' lang='lat' dir='ltr'><em>tum</em></span> <span class='ocrx_word' id='word_1_154' title='bbox 149 1330 355 1397; x_wconf 58' lang='lat' dir='ltr'><em>‘&#39;tlt‘&#39;”l&#39;wssrmt</em></span> <span class='ocrx_word' id='word_1_155' title='bbox 372 1331 398 1383; x_wconf 61' lang='grc' dir='ltr'><em>εἰ</em></span> <span class='ocrx_word' id='word_1_156' title='bbox 422 1333 561 1399; x_wconf 60' lang='lat' dir='ltr'><em>wilfimt‘r</em></span> <span class='ocrx_word' id='word_1_157' title='bbox 572 1337 662 1388; x_wconf 57' lang='lat' dir='ltr'><em>Omnia</em></span> <span class='ocrx_word' id='word_1_158' title='bbox 687 1352 747 1404; x_wconf 86' lang='lat' dir='ltr'><em>quae</em></span> <span class='ocrx_word' id='word_1_159' title='bbox 765 1339 883 1407; x_wconf 61' lang='lat' dir='ltr'><em>impera·</em></span> <span class='ocrx_word' id='word_1_160' title='bbox 933 1350 1079 1424; x_wconf 79' lang='lat' dir='ltr'><em>inglorins·</em></span> <span class='ocrx_word' id='word_1_161' title='bbox 1095 1351 1305 1407; x_wconf 75' lang='lat' dir='ltr'><em>coloniensibus</em></span> <span class='ocrx_word' id='word_1_162' title='bbox 1333 1352 1415 1408; x_wconf 90' lang='lat' dir='ltr'><em>fidem</em></span> <span class='ocrx_word' id='word_1_163' title='bbox 1431 1354 1589 1425; x_wconf 90' lang='lat' dir='ltr'><em>imperatori</em></span> <span class='ocrx_word' id='word_1_164' title='bbox 1603 1361 1736 1416; x_wconf 89' lang='lat' dir='ltr'><em>servanti·</em></span> 
     </span>
    </p>
   </div>
   <div class='ocr_carea' id='block_1_5' title="bbox 72 1421 1738 1605">
    <p class='ocr_par' dir='ltr' id='par_1_6' title="bbox 72 1421 1738 1605">
     <span class='ocr_line' id='line_1_14' title="bbox 73 1421 1738 1514; baseline 0.01 -28"><span class='ocrx_word' id='word_1_165' title='bbox 73 1421 184 1487; x_wconf 59' lang='lat' dir='ltr'><em>latiur,</em></span> <span class='ocrx_word' id='word_1_166' title='bbox 200 1437 236 1474; x_wconf 61' lang='grc' dir='ltr'><em>ω’</em></span> <span class='ocrx_word' id='word_1_167' title='bbox 253 1423 385 1488; x_wconf 62' lang='lat' dir='ltr'><em>⁰⁰¹³st⁸³l⁰</em></span> <span class='ocrx_word' id='word_1_168' title='bbox 397 1424 619 1491; x_wconf 51' lang='lat' dir='ltr'><em>willihelmum</em></span> <span class='ocrx_word' id='word_1_169' title='bbox 630 1430 678 1492; x_wconf 65' lang='lat'><em>⁰8⁶2</em></span> <span class='ocrx_word' id='word_1_170' title='bbox 689 1429 795 1481; x_wconf 64' lang='lat' dir='ltr'><em>veniam</em></span> <span class='ocrx_word' id='word_1_171' title='bbox 809 1429 885 1484; x_wconf 49' lang='lat' dir='ltr'><em>elai</em></span> <span class='ocrx_word' id='word_1_172' title='bbox 935 1437 997 1505; x_wconf 90' lang='lat' dir='ltr'><em>bns,</em></span> <span class='ocrx_word' id='word_1_173' title='bbox 1013 1447 1149 1495; x_wconf 90' lang='lat' dir='ltr'><em>eteorum</em></span> <span class='ocrx_word' id='word_1_174' title='bbox 1166 1441 1374 1511; x_wconf 81' lang='lat' dir='ltr'><em>archiepiscopo</em></span> <span class='ocrx_word' id='word_1_175' title='bbox 1385 1440 1471 1495; x_wconf 87' lang='lat' dir='ltr'><em>fitium</em></span> <span class='ocrx_word' id='word_1_176' title='bbox 1485 1443 1660 1514; x_wconf 88' lang='lat' dir='ltr'><em>imperatoris</em></span> <span class='ocrx_word' id='word_1_177' title='bbox 1673 1461 1738 1502; x_wconf 91' lang='lat' dir='ltr'><em>con·</em></span> 
     </span>
     <span class='ocr_line' id='line_1_15' title="bbox 72 1509 1734 1605; baseline 0.008 -28"><span class='ocrx_word' id='word_1_178' title='bbox 72 1509 232 1563; x_wconf 59' lang='lat' dir='ltr'><em>isilult&#39;fflifm</em></span> <span class='ocrx_word' id='word_1_179' title='bbox 247 1513 469 1578; x_wconf 60' lang='lat' dir='ltr'><em>metueretur?</em></span> <span class='ocrx_word' id='word_1_180' title='bbox 484 1511 554 1566; x_wconf 61' lang='lat' dir='ltr'><em>idem</em></span> <span class='ocrx_word' id='word_1_181' title='bbox 568 1513 670 1580; x_wconf 56' lang='lat' dir='ltr'><em>letatus</em></span> <span class='ocrx_word' id='word_1_182' title='bbox 679 1515 884 1583; x_wconf 68' lang='lat' dir='ltr'><em>respondemur</em></span> <span class='ocrx_word' id='word_1_183' title='bbox 934 1534 974 1582; x_wconf 88' lang='lat' dir='ltr'><em>tra</em></span> <span class='ocrx_word' id='word_1_184' title='bbox 994 1535 1098 1598; x_wconf 87' lang='lat' dir='ltr'><em>patrem</em></span> <span class='ocrx_word' id='word_1_185' title='bbox 1114 1545 1194 1583; x_wconf 89' lang='lat' dir='ltr'><em>suum</em></span> <span class='ocrx_word' id='word_1_186' title='bbox 1218 1529 1370 1596; x_wconf 87' lang='lat' dir='ltr'><em>animante,</em></span> <span class='ocrx_word' id='word_1_187' title='bbox 1387 1529 1498 1585; x_wconf 89' lang='lat' dir='ltr'><em>Colonia</em></span> <span class='ocrx_word' id='word_1_188' title='bbox 1513 1532 1626 1588; x_wconf 85' lang='lat' dir='ltr'><em>obsessa</em></span> <span class='ocrx_word' id='word_1_189' title='bbox 1641 1550 1734 1605; x_wconf 90' lang='lat' dir='ltr'><em>oppu-</em></span> 
     </span>
    </p>
   </div>
   <div class='ocr_carea' id='block_1_6' title="bbox 68 1596 1737 1873">
    <p class='ocr_par' dir='ltr' id='par_1_7' title="bbox 68 1596 1737 1873">
     <span class='ocr_line' id='line_1_16' title="bbox 71 1596 1737 1694; baseline 0.01 -30"><span class='ocrx_word' id='word_1_190' title='bbox 71 1596 483 1665; x_wconf 53' lang='lat' dir='ltr'><em>esseillil&#39;iffllmssssbsfflvere·</em></span> <span class='ocrx_word' id='word_1_191' title='bbox 503 1599 538 1651; x_wconf 59' lang='lat' dir='ltr'><em>El</em></span> <span class='ocrx_word' id='word_1_192' title='bbox 560 1601 739 1666; x_wconf 67' lang='lat' dir='ltr'><em>⁰lll1³⁰tl⁰ffl¹</em></span> <span class='ocrx_word' id='word_1_193' title='bbox 765 1601 882 1656; x_wconf 64' lang='lat' dir='ltr'><em>&#39;laeidf‘</em></span> <span class='ocrx_word' id='word_1_194' title='bbox 932 1625 1042 1691; x_wconf 78' lang='lat' dir='ltr'><em>gantur,</em></span> <span class='ocrx_word' id='word_1_195' title='bbox 1058 1626 1215 1674; x_wconf 87' lang='lat' dir='ltr'><em>nectamen</em></span> <span class='ocrx_word' id='word_1_196' title='bbox 1245 1628 1425 1694; x_wconf 83' lang='lat' dir='ltr'><em>expugnatur.</em></span> <span class='ocrx_word' id='word_1_197' title='bbox 1456 1621 1566 1677; x_wconf 87' lang='lat' dir='ltr'><em>iuterim</em></span> <span class='ocrx_word' id='word_1_198' title='bbox 1596 1623 1737 1681; x_wconf 85' lang='lat' dir='ltr'><em>lleinrieus</em></span> 
     </span>
     <span class='ocr_line' id='line_1_17' title="bbox 71 1686 1736 1809; baseline 0.01 -58"><span class='ocrx_word' id='word_1_199' title='bbox 71 1704 170 1742; x_wconf 61' lang='lat' dir='ltr'><em>imm:</em></span> <span class='ocrx_word' id='word_1_200' title='bbox 192 1708 204 1736; x_wconf 79' lang='lat'>¹</span> <span class='ocrx_word' id='word_1_201' title='bbox 225 1686 383 1757; x_wconf 56' lang='lat' dir='ltr'><em>(immittite</em></span> <span class='ocrx_word' id='word_1_202' title='bbox 396 1691 561 1756; x_wconf 66' lang='lat' dir='ltr'><em>⁶⁰¹¹fil⁰ul⁶¹m</em></span> <span class='ocrx_word' id='word_1_203' title='bbox 575 1691 657 1744; x_wconf 57' lang='lat' dir='ltr'><em>“lidii</em></span> <span class='ocrx_word' id='word_1_204' title='bbox 674 1695 799 1761; x_wconf 51' lang='lat' dir='ltr'><em>redimi</em></span> <span class='ocrx_word' id='word_1_205' title='bbox 819 1707 882 1746; x_wconf 75' lang='lat'>⁶⁰²2·</span> <span class='ocrx_word' id='word_1_206' title='bbox 894 1741 919 1809; x_wconf 77' lang='lat' dir='ltr'>B</span> <span class='ocrx_word' id='word_1_207' title='bbox 932 1706 1081 1777; x_wconf 88' lang='lat' dir='ltr'><em>imperator</em></span> <span class='ocrx_word' id='word_1_208' title='bbox 1092 1707 1186 1762; x_wconf 83' lang='lat' dir='ltr'><em>leodii</em></span> <span class='ocrx_word' id='word_1_209' title='bbox 1199 1708 1315 1763; x_wconf 91' lang='lat' dir='ltr'><em>meritur</em></span> <span class='ocrx_word' id='word_1_210' title='bbox 1333 1709 1360 1777; x_wconf 82' lang='lat'><em>(7</em></span> <span class='ocrx_word' id='word_1_211' title='bbox 1381 1709 1479 1780; x_wconf 67' lang='lat' dir='ltr'><em>Anu),</em></span> <span class='ocrx_word' id='word_1_212' title='bbox 1503 1710 1587 1781; x_wconf 89' lang='lat' dir='ltr'><em>eique</em></span> <span class='ocrx_word' id='word_1_213' title='bbox 1611 1713 1736 1768; x_wconf 82' lang='lat' dir='ltr'><em>succedit</em></span> 
     </span>
     <span class='ocr_line' id='line_1_18' title="bbox 68 1778 1734 1873; baseline 0.007 -28"><span class='ocrx_word' id='word_1_214' title='bbox 68 1782 172 1846; x_wconf 61' lang='lat' dir='ltr'><em>sessum</em></span> <span class='ocrx_word' id='word_1_215' title='bbox 185 1778 262 1834; x_wconf 60' lang='lat'><em>‘¹0⁶2‘</em></span> <span class='ocrx_word' id='word_1_216' title='bbox 275 1779 410 1834; x_wconf 59' lang='lat' dir='ltr'><em>‘willihere</em></span> <span class='ocrx_word' id='word_1_217' title='bbox 429 1800 464 1845; x_wconf 64' lang='lat' dir='ltr'><em>”s</em></span> <span class='ocrx_word' id='word_1_218' title='bbox 484 1785 509 1836; x_wconf 73' lang='lat'><em>82&#39;</em></span> <span class='ocrx_word' id='word_1_219' title='bbox 527 1783 630 1849; x_wconf 63' lang='lat' dir='ltr'><em>vellem,</em></span> <span class='ocrx_word' id='word_1_220' title='bbox 647 1785 749 1852; x_wconf 64' lang='lat' dir='ltr'><em>²7²ch</em></span> <span class='ocrx_word' id='word_1_221' title='bbox 765 1783 878 1849; x_wconf 63' lang='lat' dir='ltr'><em>altwlvl&#39;,</em></span> <span class='ocrx_word' id='word_1_222' title='bbox 931 1795 1004 1853; x_wconf 85' lang='lat' dir='ltr'><em>filius</em></span> <span class='ocrx_word' id='word_1_223' title='bbox 1017 1799 1176 1869; x_wconf 67' lang='lat' dir='ltr'><em>aequivocus</em></span> <span class='ocrx_word' id='word_1_224' title='bbox 1191 1800 1252 1868; x_wconf 89' lang='lat' dir='ltr'><em>ejus</em></span> <span class='ocrx_word' id='word_1_225' title='bbox 1265 1799 1309 1853; x_wconf 79' lang='lat'><em>²⁸⁰.</em></span> <span class='ocrx_word' id='word_1_226' title='bbox 1326 1799 1384 1854; x_wconf 82' lang='lat' dir='ltr'><em>ltux</em></span> <span class='ocrx_word' id='word_1_227' title='bbox 1399 1800 1552 1866; x_wconf 88' lang='lat' dir='ltr'><em>lleinricus,</em></span> <span class='ocrx_word' id='word_1_228' title='bbox 1567 1801 1614 1873; x_wconf 91' lang='lat' dir='ltr'><em>qui</em></span> <span class='ocrx_word' id='word_1_229' title='bbox 1629 1802 1664 1856; x_wconf 88' lang='lat' dir='ltr'><em>ab</em></span> <span class='ocrx_word' id='word_1_230' title='bbox 1677 1803 1734 1857; x_wconf 86' lang='lat' dir='ltr'><em>im·</em></span> 
     </span>
    </p>
   </div>
   <div class='ocr_carea' id='block_1_7' title="bbox 66 1870 1734 2051">
    <p class='ocr_par' dir='ltr' id='par_1_8' title="bbox 66 1870 1734 2051">
     <span class='ocr_line' id='line_1_19' title="bbox 68 1870 1734 1960; baseline 0.008 -23"><span class='ocrx_word' id='word_1_231' title='bbox 68 1874 182 1926; x_wconf 64' lang='lat' dir='ltr'><em>Romam</em></span> <span class='ocrx_word' id='word_1_232' title='bbox 196 1873 264 1925; x_wconf 62' lang='lat' dir='ltr'><em>stem</em></span> <span class='ocrx_word' id='word_1_233' title='bbox 282 1870 440 1938; x_wconf 50' lang='lat' dir='ltr'><em>wulfwi?</em></span> <span class='ocrx_word' id='word_1_234' title='bbox 453 1875 604 1941; x_wconf 57' lang='lat' dir='ltr'><em>ssli⁰³⁶⁰l¹¹⁰oe</em></span> <span class='ocrx_word' id='word_1_235' title='bbox 626 1876 692 1929; x_wconf 65' lang='lat' dir='ltr'><em>iedl-</em></span> <span class='ocrx_word' id='word_1_236' title='bbox 718 1876 763 1931; x_wconf 61' lang='lat' dir='ltr'><em>Sil</em></span> <span class='ocrx_word' id='word_1_237' title='bbox 777 1876 879 1945; x_wconf 71' lang='lat' dir='ltr'><em>³12⁰h&#39;0·</em></span> <span class='ocrx_word' id='word_1_238' title='bbox 929 1895 1054 1958; x_wconf 87' lang='lat' dir='ltr'><em>peratore</em></span> <span class='ocrx_word' id='word_1_239' title='bbox 1069 1889 1102 1943; x_wconf 89' lang='lat' dir='ltr'><em>ad</em></span> <span class='ocrx_word' id='word_1_240' title='bbox 1119 1889 1203 1944; x_wconf 85' lang='lat' dir='ltr'><em>hlium</em></span> <span class='ocrx_word' id='word_1_241' title='bbox 1219 1890 1280 1960; x_wconf 88' lang='lat' dir='ltr'><em>ejus</em></span> <span class='ocrx_word' id='word_1_242' title='bbox 1299 1891 1392 1946; x_wconf 91' lang='lat' dir='ltr'><em>animo</em></span> <span class='ocrx_word' id='word_1_243' title='bbox 1408 1892 1556 1959; x_wconf 87' lang='lat' dir='ltr'><em>transiens,</em></span> <span class='ocrx_word' id='word_1_244' title='bbox 1584 1909 1647 1948; x_wconf 89' lang='lat' dir='ltr'><em>enm</em></span> <span class='ocrx_word' id='word_1_245' title='bbox 1670 1911 1734 1950; x_wconf 91' lang='lat' dir='ltr'><em>een·</em></span> 
     </span>
     <span class='ocr_line' id='line_1_20' title="bbox 66 1958 1733 2051; baseline 0.007 -21"><span class='ocrx_word' id='word_1_246' title='bbox 66 1958 489 2015; x_wconf 54' lang='lat' dir='ltr'><em>lumssldeim‘lmm-”ss’llel</em></span> <span class='ocrx_word' id='word_1_247' title='bbox 513 1963 878 2032; x_wconf 51' lang='lat' dir='ltr'><em>lamna²2l111²rll²¹⁰¹22210t</em></span> <span class='ocrx_word' id='word_1_248' title='bbox 928 1981 1378 2051; x_wconf 88' lang='lat' dir='ltr'><em>trapntremsnnmeonsiliosuo</em></span> <span class='ocrx_word' id='word_1_249' title='bbox 1398 1983 1522 2049; x_wconf 87' lang='lat' dir='ltr'><em>armavit,</em></span> <span class='ocrx_word' id='word_1_250' title='bbox 1551 1992 1607 2039; x_wconf 89' lang='lat' dir='ltr'><em>eta</em></span> <span class='ocrx_word' id='word_1_251' title='bbox 1627 1984 1683 2041; x_wconf 90' lang='lat' dir='ltr'><em>lilio</em></span> <span class='ocrx_word' id='word_1_252' title='bbox 1698 1987 1733 2041; x_wconf 91' lang='lat' dir='ltr'><em>ad</em></span> 
     </span>
    </p>
   </div>
   <div class='ocr_carea' id='block_1_8' title="bbox 65 2052 1732 2231">
    <p class='ocr_par' dir='ltr' id='par_1_9' title="bbox 65 2052 1732 2231">
     <span class='ocr_line' id='line_1_21' title="bbox 66 2052 1732 2140; baseline 0.005 -20"><span class='ocrx_word' id='word_1_253' title='bbox 66 2052 200 2121; x_wconf 53' lang='lat' dir='ltr'><em>tullium</em></span> <span class='ocrx_word' id='word_1_254' title='bbox 211 2053 243 2106; x_wconf 56' lang='lat'><em>²⁹7²</em></span> <span class='ocrx_word' id='word_1_255' title='bbox 256 2066 338 2118; x_wconf 61' lang='lat' dir='ltr'><em>7³th</em></span> <span class='ocrx_word' id='word_1_256' title='bbox 349 2055 556 2121; x_wconf 65' lang='lat' dir='ltr'><em>willusst&#39;tt&#39;ssms</em></span> <span class='ocrx_word' id='word_1_257' title='bbox 571 2054 663 2108; x_wconf 63' lang='lat' dir='ltr'><em>eadem</em></span> <span class='ocrx_word' id='word_1_258' title='bbox 674 2057 702 2108; x_wconf 61' lang='grc' dir='ltr'><em>υἱ</em></span> <span class='ocrx_word' id='word_1_259' title='bbox 716 2059 741 2109; x_wconf 66' lang='lat' dir='ltr'><em>tt</em></span> <span class='ocrx_word' id='word_1_260' title='bbox 754 2060 812 2109; x_wconf 68' lang='lat' dir='ltr'><em>“tle</em></span> <span class='ocrx_word' id='word_1_261' title='bbox 826 2072 878 2112; x_wconf 87' lang='lat' dir='ltr'><em>sua</em></span> <span class='ocrx_word' id='word_1_262' title='bbox 928 2075 1032 2138; x_wconf 89' lang='lat' dir='ltr'><em>patrem</em></span> <span class='ocrx_word' id='word_1_263' title='bbox 1048 2070 1169 2134; x_wconf 89' lang='lat' dir='ltr'><em>rediens,</em></span> <span class='ocrx_word' id='word_1_264' title='bbox 1190 2076 1281 2140; x_wconf 87' lang='lat' dir='ltr'><em>partes</em></span> <span class='ocrx_word' id='word_1_265' title='bbox 1301 2067 1349 2123; x_wconf 88' lang='lat' dir='ltr'><em>tilii</em></span> <span class='ocrx_word' id='word_1_266' title='bbox 1368 2068 1530 2129; x_wconf 84' lang='lat' dir='ltr'><em>debellavit,</em></span> <span class='ocrx_word' id='word_1_267' title='bbox 1556 2081 1665 2129; x_wconf 90' lang='lat' dir='ltr'><em>mortuo</em></span> <span class='ocrx_word' id='word_1_268' title='bbox 1680 2075 1732 2129; x_wconf 93' lang='lat' dir='ltr'><em>im·</em></span> 
     </span>
     <span class='ocr_line' id='line_1_22' title="bbox 65 2146 1729 2231; baseline 0.016 -37"><span class='ocrx_word' id='word_1_269' title='bbox 65 2149 238 2200; x_wconf 59' lang='lat' dir='ltr'><em>extorserant</em></span> <span class='ocrx_word' id='word_1_270' title='bbox 250 2162 268 2198; x_wconf 88' lang='lat' dir='ltr'><em>n</em></span> <span class='ocrx_word' id='word_1_271' title='bbox 279 2160 321 2199; x_wconf 89' lang='lat' dir='ltr'><em>me</em></span> <span class='ocrx_word' id='word_1_272' title='bbox 331 2175 365 2185; x_wconf 87' lang='lat'><em>-</em></span> <span class='ocrx_word' id='word_1_273' title='bbox 375 2148 404 2200; x_wconf 85' lang='lat' dir='ltr'><em>in</em></span> <span class='ocrx_word' id='word_1_274' title='bbox 416 2146 508 2201; x_wconf 69' lang='lat' dir='ltr'><em>cutum</em></span> <span class='ocrx_word' id='word_1_275' title='bbox 517 2149 585 2202; x_wconf 86' lang='lat' dir='ltr'><em>nilla</em></span> <span class='ocrx_word' id='word_1_276' title='bbox 598 2149 764 2218; x_wconf 84' lang='lat' dir='ltr'><em>reliquerunt</em></span> <span class='ocrx_word' id='word_1_277' title='bbox 778 2165 828 2203; x_wconf 90' lang='lat' dir='ltr'><em>mc.</em></span> <span class='ocrx_word' id='word_1_278' title='bbox 845 2154 877 2206; x_wconf 88' lang='lat' dir='ltr'><em>tn</em></span> <span class='ocrx_word' id='word_1_279' title='bbox 927 2167 1054 2229; x_wconf 90' lang='lat' dir='ltr'><em>peratore</em></span> <span class='ocrx_word' id='word_1_280' title='bbox 1067 2176 1096 2215; x_wconf 89' lang='lat' dir='ltr'><em>se</em></span> <span class='ocrx_word' id='word_1_281' title='bbox 1113 2169 1141 2216; x_wconf 91' lang='lat' dir='ltr'><em>ut</em></span> <span class='ocrx_word' id='word_1_282' title='bbox 1161 2177 1237 2215; x_wconf 89' lang='lat' dir='ltr'><em>reuvn</em></span> <span class='ocrx_word' id='word_1_283' title='bbox 1248 2160 1397 2230; x_wconf 87' lang='lat' dir='ltr'><em>majestatis</em></span> <span class='ocrx_word' id='word_1_284' title='bbox 1412 2158 1469 2215; x_wconf 85' lang='lat' dir='ltr'><em>filio</em></span> <span class='ocrx_word' id='word_1_285' title='bbox 1480 2160 1554 2231; x_wconf 76' lang='lat' dir='ltr'><em>regis</em></span> <span class='ocrx_word' id='word_1_286' title='bbox 1566 2163 1598 2196; x_wconf 79' lang='lat'><em>¹⁸¹</em></span> <span class='ocrx_word' id='word_1_287' title='bbox 1612 2164 1729 2231; x_wconf 91' lang='lat' dir='ltr'><em>dedidit,</em></span> 
     </span>
    </p>
   </div>
   <div class='ocr_carea' id='block_1_9' title="bbox 64 2241 1732 2409">
    <p class='ocr_par' dir='ltr' id='par_1_10' title="bbox 64 2241 1732 2409">
     <span class='ocr_line' id='line_1_23' title="bbox 65 2241 1732 2328; baseline 0.01 -32"><span class='ocrx_word' id='word_1_288' title='bbox 65 2255 190 2309; x_wconf 79' lang='lat' dir='ltr'><em>quaeunt</em></span> <span class='ocrx_word' id='word_1_289' title='bbox 209 2241 302 2309; x_wconf 71' lang='lat' dir='ltr'><em>aliquo</em></span> <span class='ocrx_word' id='word_1_290' title='bbox 316 2245 560 2309; x_wconf 84' lang='lat' dir='ltr'><em>temporemoretus</em></span> <span class='ocrx_word' id='word_1_291' title='bbox 575 2247 700 2307; x_wconf 56' lang='lat' dir='ltr'><em>essetne&amp;</em></span> <span class='ocrx_word' id='word_1_292' title='bbox 713 2244 786 2312; x_wconf 69' lang='lat' dir='ltr'><em>filius</em></span> <span class='ocrx_word' id='word_1_293' title='bbox 802 2261 875 2301; x_wconf 86' lang='lat' dir='ltr'><em>meus</em></span> <span class='ocrx_word' id='word_1_294' title='bbox 927 2260 953 2307; x_wconf 89' lang='lat' dir='ltr'><em>et</em></span> <span class='ocrx_word' id='word_1_295' title='bbox 972 2254 1006 2307; x_wconf 91' lang='lat' dir='ltr'><em>ab</em></span> <span class='ocrx_word' id='word_1_296' title='bbox 1023 2269 1056 2308; x_wconf 90' lang='lat' dir='ltr'><em>eo</em></span> <span class='ocrx_word' id='word_1_297' title='bbox 1073 2263 1169 2324; x_wconf 88' lang='lat' dir='ltr'><em>eaptus</em></span> <span class='ocrx_word' id='word_1_298' title='bbox 1184 2254 1316 2308; x_wconf 76' lang='lat' dir='ltr'><em>custodia</em></span> <span class='ocrx_word' id='word_1_299' title='bbox 1332 2253 1465 2320; x_wconf 88' lang='lat' dir='ltr'><em>traditur;</em></span> <span class='ocrx_word' id='word_1_300' title='bbox 1486 2254 1521 2308; x_wconf 91' lang='lat' dir='ltr'><em>de</em></span> <span class='ocrx_word' id='word_1_301' title='bbox 1540 2270 1594 2325; x_wconf 88' lang='lat' dir='ltr'><em>qua</em></span> <span class='ocrx_word' id='word_1_302' title='bbox 1609 2255 1667 2327; x_wconf 90' lang='lat' dir='ltr'><em>ipse</em></span> <span class='ocrx_word' id='word_1_303' title='bbox 1682 2274 1732 2328; x_wconf 90' lang='lat' dir='ltr'><em>per</em></span> 
     </span>
     <span class='ocr_line' id='line_1_24' title="bbox 64 2328 1730 2409; baseline 0.01 -25"><span class='ocrx_word' id='word_1_304' title='bbox 64 2345 97 2384; x_wconf 84' lang='lat' dir='ltr'><em>ea</em></span> <span class='ocrx_word' id='word_1_305' title='bbox 111 2331 202 2384; x_wconf 83' lang='lat' dir='ltr'><em>eodem</em></span> <span class='ocrx_word' id='word_1_306' title='bbox 215 2328 329 2396; x_wconf 66' lang='lat' dir='ltr'><em>munis</em></span> <span class='ocrx_word' id='word_1_307' title='bbox 343 2344 398 2383; x_wconf 77' lang='lat' dir='ltr'><em>suar</em></span> <span class='ocrx_word' id='word_1_308' title='bbox 412 2331 523 2385; x_wconf 75' lang='lat' dir='ltr'><em>coercitio</em></span> <span class='ocrx_word' id='word_1_309' title='bbox 542 2331 740 2399; x_wconf 70' lang='lat' dir='ltr'><em>denuntiasset,</em></span> <span class='ocrx_word' id='word_1_310' title='bbox 765 2340 794 2389; x_wconf 90' lang='lat' dir='ltr'><em>ut</em></span> <span class='ocrx_word' id='word_1_311' title='bbox 816 2351 875 2390; x_wconf 86' lang='lat' dir='ltr'><em>eum</em></span> <span class='ocrx_word' id='word_1_312' title='bbox 926 2341 1088 2396; x_wconf 87' lang='lat' dir='ltr'><em>industriam</em></span> <span class='ocrx_word' id='word_1_313' title='bbox 1107 2358 1183 2397; x_wconf 86' lang='lat' dir='ltr'><em>suam</em></span> <span class='ocrx_word' id='word_1_314' title='bbox 1204 2341 1300 2396; x_wconf 86' lang='lat' dir='ltr'><em>evasit.</em></span> <span class='ocrx_word' id='word_1_315' title='bbox 1317 2341 1435 2397; x_wconf 76' lang='lat' dir='ltr'><em>lineatus</em></span> <span class='ocrx_word' id='word_1_316' title='bbox 1452 2342 1512 2409; x_wconf 78' lang='lat' dir='ltr'><em>eius</em></span> <span class='ocrx_word' id='word_1_317' title='bbox 1540 2343 1621 2398; x_wconf 89' lang='lat' dir='ltr'><em>datur</em></span> <span class='ocrx_word' id='word_1_318' title='bbox 1640 2344 1730 2400; x_wconf 84' lang='lat' dir='ltr'><em>Goda-</em></span> 
     </span>
    </p>
   </div>
   <div class='ocr_carea' id='block_1_10' title="bbox 63 2422 1729 2686">
    <p class='ocr_par' dir='ltr' id='par_1_11' title="bbox 63 2422 1729 2686">
     <span class='ocr_line' id='line_1_25' title="bbox 64 2422 1293 2492; baseline 0.011 -18"><span class='ocrx_word' id='word_1_319' title='bbox 64 2424 250 2490; x_wconf 83' lang='lat' dir='ltr'><em>eapectarem:</em></span> <span class='ocrx_word' id='word_1_320' title='bbox 270 2422 456 2488; x_wconf 82' lang='lat' dir='ltr'><em>sepnemims</em></span> <span class='ocrx_word' id='word_1_321' title='bbox 471 2423 641 2491; x_wconf 82' lang='lat' dir='ltr'><em>quorundam</em></span> <span class='ocrx_word' id='word_1_322' title='bbox 664 2424 786 2492; x_wconf 79' lang='lat' dir='ltr'><em>fidetium</em></span> <span class='ocrx_word' id='word_1_323' title='bbox 801 2443 874 2482; x_wconf 88' lang='lat' dir='ltr'><em>meo·</em></span> <span class='ocrx_word' id='word_1_324' title='bbox 926 2434 997 2488; x_wconf 86' lang='lat' dir='ltr'><em>iride</em></span> <span class='ocrx_word' id='word_1_325' title='bbox 1010 2430 1105 2489; x_wconf 90' lang='lat' dir='ltr'><em>comiti</em></span> <span class='ocrx_word' id='word_1_326' title='bbox 1119 2433 1293 2489; x_wconf 80' lang='lat' dir='ltr'><em>lovaniensi.</em></span> 
     </span>
     <span class='ocr_line' id='line_1_26' title="bbox 63 2515 1692 2597; baseline 0.01 -29"><span class='ocrx_word' id='word_1_327' title='bbox 63 2515 876 2585; x_wconf 81' lang='lat' dir='ltr'><em>memteqotiopremouuit,utsiqutdemndmomentumibi</em></span> <span class='ocrx_word' id='word_1_328' title='bbox 930 2527 1039 2597; x_wconf 73' lang='lat'><strong>,¹¹⁰7·</strong></span> <span class='ocrx_word' id='word_1_329' title='bbox 1114 2527 1192 2581; x_wconf 82' lang='lat' dir='ltr'><em>ut.</em></span> <span class='ocrx_word' id='word_1_330' title='bbox 1266 2527 1295 2583; x_wconf 86' lang='lat' dir='ltr'><em>F.</em></span> <span class='ocrx_word' id='word_1_331' title='bbox 1316 2528 1359 2581; x_wconf 83' lang='lat' dir='ltr'><em>tt.</em></span> <span class='ocrx_word' id='word_1_332' title='bbox 1434 2529 1465 2582; x_wconf 85' lang='grc' dir='ltr'><em>Α.</em></span> <span class='ocrx_word' id='word_1_333' title='bbox 1490 2528 1517 2582; x_wconf 83' lang='lat' dir='ltr'><em>t.</em></span> <span class='ocrx_word' id='word_1_334' title='bbox 1616 2529 1692 2585; x_wconf 80' lang='lat' dir='ltr'><em>lli.</em></span> 
     </span>
     <span class='ocr_line' id='line_1_27' title="bbox 64 2607 1729 2686; baseline 0.01 -28"><span class='ocrx_word' id='word_1_335' title='bbox 64 2622 238 2673; x_wconf 80' lang='lat' dir='ltr'><em>remunerem,</em></span> <span class='ocrx_word' id='word_1_336' title='bbox 254 2612 302 2660; x_wconf 89' lang='lat' dir='ltr'><em>cut</em></span> <span class='ocrx_word' id='word_1_337' title='bbox 316 2607 381 2661; x_wconf 87' lang='lat' dir='ltr'><em>inde</em></span> <span class='ocrx_word' id='word_1_338' title='bbox 396 2609 591 2678; x_wconf 80' lang='lat' dir='ltr'><em>inperpetuum</em></span> <span class='ocrx_word' id='word_1_339' title='bbox 602 2613 788 2679; x_wconf 83' lang='lat' dir='ltr'><em>captiuitatem</em></span> <span class='ocrx_word' id='word_1_340' title='bbox 799 2629 875 2683; x_wconf 86' lang='lat' dir='ltr'><em>rope·</em></span> <span class='ocrx_word' id='word_1_341' title='bbox 961 2615 1104 2670; x_wconf 83' lang='lat' dir='ltr'><em>lleinrieus</em></span> <span class='ocrx_word' id='word_1_342' title='bbox 1123 2616 1211 2670; x_wconf 79' lang='lat' dir='ltr'><em>exdux</em></span> <span class='ocrx_word' id='word_1_343' title='bbox 1226 2613 1358 2670; x_wconf 85' lang='lat' dir='ltr'><em>affectans</em></span> <span class='ocrx_word' id='word_1_344' title='bbox 1376 2623 1501 2686; x_wconf 89' lang='lat' dir='ltr'><em>repetere</em></span> <span class='ocrx_word' id='word_1_345' title='bbox 1518 2617 1662 2684; x_wconf 89' lang='lat' dir='ltr'><em>ducatum,</em></span> <span class='ocrx_word' id='word_1_346' title='bbox 1677 2634 1729 2674; x_wconf 91' lang='lat' dir='ltr'><em>oe·</em></span> 
     </span>
    </p>
   </div>
   <div class='ocr_carea' id='block_1_11' title="bbox 61 2693 1801 2962">
    <p class='ocr_par' dir='ltr' id='par_1_12' title="bbox 61 2693 1801 2962">
     <span class='ocr_line' id='line_1_28' title="bbox 62 2693 1730 2784; baseline 0.011 -31"><span class='ocrx_word' id='word_1_347' title='bbox 62 2717 116 2768; x_wconf 80' lang='lat' dir='ltr'><em>rer,</em></span> <span class='ocrx_word' id='word_1_348' title='bbox 131 2705 181 2756; x_wconf 88' lang='lat' dir='ltr'><em>cut</em></span> <span class='ocrx_word' id='word_1_349' title='bbox 204 2703 235 2754; x_wconf 86' lang='lat' dir='ltr'><em>in</em></span> <span class='ocrx_word' id='word_1_350' title='bbox 248 2701 337 2755; x_wconf 74' lang='lat' dir='ltr'><em>mntem</em></span> <span class='ocrx_word' id='word_1_351' title='bbox 362 2701 417 2755; x_wconf 94' lang='lat' dir='ltr'><em>loco</em></span> <span class='ocrx_word' id='word_1_352' title='bbox 435 2703 591 2757; x_wconf 73' lang='lat' dir='ltr'><em>decollarer.</em></span> <span class='ocrx_word' id='word_1_353' title='bbox 619 2705 675 2770; x_wconf 78' lang='lat' dir='ltr'><em>Quo</em></span> <span class='ocrx_word' id='word_1_354' title='bbox 687 2709 782 2760; x_wconf 86' lang='lat' dir='ltr'><em>nuntio</em></span> <span class='ocrx_word' id='word_1_355' title='bbox 807 2711 875 2762; x_wconf 86' lang='lat' dir='ltr'><em>setis</em></span> <span class='ocrx_word' id='word_1_356' title='bbox 925 2717 1007 2782; x_wconf 85' lang='lat' dir='ltr'><em>cupat</em></span> <span class='ocrx_word' id='word_1_357' title='bbox 1025 2693 1161 2782; x_wconf 84' lang='lat' dir='ltr'><em>oppidum</em></span> <span class='ocrx_word' id='word_1_358' title='bbox 1177 2712 1345 2784; x_wconf 75' lang='lat' dir='ltr'><em>aquasgrani</em></span> <span class='ocrx_word' id='word_1_359' title='bbox 1370 2720 1465 2766; x_wconf 89' lang='lat' dir='ltr'><em>eontra</em></span> <span class='ocrx_word' id='word_1_360' title='bbox 1479 2711 1658 2768; x_wconf 85' lang='lat' dir='ltr'><em>Godelridnm</em></span> <span class='ocrx_word' id='word_1_361' title='bbox 1681 2724 1730 2771; x_wconf 89' lang='lat' dir='ltr'><em>dn·</em></span> 
     </span>
     <span class='ocr_line' id='line_1_29' title="bbox 61 2794 1801 2872; baseline 0.003 -21"><span class='ocrx_word' id='word_1_362' title='bbox 61 2799 144 2851; x_wconf 63' lang='lat' dir='ltr'><em>mom</em></span> <span class='ocrx_word' id='word_1_363' title='bbox 154 2796 289 2851; x_wconf 77' lang='lat' dir='ltr'><em>tunceita</em></span> <span class='ocrx_word' id='word_1_364' title='bbox 304 2794 669 2868; x_wconf 55' lang='lat' dir='ltr'><em>diffisusptttcoousuqiens,</em></span> <span class='ocrx_word' id='word_1_365' title='bbox 678 2801 876 2867; x_wconf 69' lang='lat' dir='ltr'><em>mpimtdoceui</em></span> <span class='ocrx_word' id='word_1_366' title='bbox 925 2814 998 2853; x_wconf 87' lang='lat' dir='ltr'><em>cem.</em></span> <span class='ocrx_word' id='word_1_367' title='bbox 1013 2799 1067 2854; x_wconf 85' lang='lat' dir='ltr'><em>Sed</em></span> <span class='ocrx_word' id='word_1_368' title='bbox 1080 2800 1133 2854; x_wconf 91' lang='lat' dir='ltr'><em>hoe</em></span> <span class='ocrx_word' id='word_1_369' title='bbox 1153 2814 1208 2854; x_wconf 90' lang='lat' dir='ltr'><em>non</em></span> <span class='ocrx_word' id='word_1_370' title='bbox 1224 2798 1316 2854; x_wconf 81' lang='lat' dir='ltr'><em>lenens</em></span> <span class='ocrx_word' id='word_1_371' title='bbox 1339 2797 1392 2854; x_wconf 91' lang='lat' dir='ltr'><em>dux</em></span> <span class='ocrx_word' id='word_1_372' title='bbox 1408 2799 1581 2866; x_wconf 87' lang='lat' dir='ltr'><em>Godelridus,</em></span> <span class='ocrx_word' id='word_1_373' title='bbox 1593 2801 1729 2872; x_wconf 89' lang='lat' dir='ltr'><em>oppidum</em></span> <span class='ocrx_word' id='word_1_374' title='bbox 1799 2834 1801 2838; x_wconf 29' lang='grc' dir='ltr'><strong><em>ι</em></strong></span> 
     </span>
     <span class='ocr_line' id='line_1_30' title="bbox 62 2867 1729 2962; baseline 0.002 -19"><span class='ocrx_word' id='word_1_375' title='bbox 62 2889 212 2953; x_wconf 80' lang='lat' dir='ltr'><em>conatam,</em></span> <span class='ocrx_word' id='word_1_376' title='bbox 228 2891 253 2941; x_wconf 89' lang='lat' dir='ltr'><em>et</em></span> <span class='ocrx_word' id='word_1_377' title='bbox 270 2887 341 2940; x_wconf 83' lang='lat' dir='ltr'><em>inihi</em></span> <span class='ocrx_word' id='word_1_378' title='bbox 357 2887 460 2955; x_wconf 77' lang='lat' dir='ltr'><em>etipmt</em></span> <span class='ocrx_word' id='word_1_379' title='bbox 482 2889 574 2943; x_wconf 84' lang='lat' dir='ltr'><em>diebus</em></span> <span class='ocrx_word' id='word_1_380' title='bbox 587 2867 911 2960; x_wconf 66' lang='lat' dir='ltr'><em>commoretuepcstec(1</em></span> <span class='ocrx_word' id='word_1_381' title='bbox 925 2893 1053 2962; x_wconf 74' lang='lat' dir='ltr'><em>aquense</em></span> <span class='ocrx_word' id='word_1_382' title='bbox 1067 2890 1204 2946; x_wconf 89' lang='lat' dir='ltr'><em>violenter</em></span> <span class='ocrx_word' id='word_1_383' title='bbox 1216 2890 1331 2960; x_wconf 84' lang='lat' dir='ltr'><em>inrupit,</em></span> <span class='ocrx_word' id='word_1_384' title='bbox 1347 2891 1501 2962; x_wconf 84' lang='lat' dir='ltr'><em>oppidanos</em></span> <span class='ocrx_word' id='word_1_385' title='bbox 1514 2908 1530 2947; x_wconf 86' lang='lat' dir='ltr'><em>a</em></span> <span class='ocrx_word' id='word_1_386' title='bbox 1544 2893 1635 2948; x_wconf 71' lang='lat' dir='ltr'><em>lavere</em></span> <span class='ocrx_word' id='word_1_387' title='bbox 1647 2891 1729 2948; x_wconf 87' lang='lat' dir='ltr'><em>llein-</em></span> 
     </span>
    </p>
   </div>
   <div class='ocr_carea' id='block_1_12' title="bbox 742 2990 1061 3047">
    <p class='ocr_par' dir='ltr' id='par_1_13' title="bbox 742 2990 1061 3047">
     <span class='ocr_line' id='line_1_31' title="bbox 742 2990 1061 3047; baseline -0.006 -2"><span class='ocrx_word' id='word_1_388' title='bbox 742 2992 849 3046; x_wconf 80' lang='lat' dir='ltr'><em>l&#39;ttrlAE</em></span> <span class='ocrx_word' id='word_1_389' title='bbox 874 2990 1061 3047; x_wconf 82' lang='lat' dir='ltr'><em>LECTIONES.</em></span> 
     </span>
    </p>
   </div>
   <div class='ocr_carea' id='block_1_13' title="bbox 57 3087 1728 3655">
    <p class='ocr_par' dir='ltr' id='par_1_14' title="bbox 57 3087 1728 3655">
     <span class='ocr_line' id='line_1_32' title="bbox 101 3087 1728 3161; baseline 0.005 -19"><span class='ocrx_word' id='word_1_390' title='bbox 101 3089 138 3123; x_wconf 59' lang='grc' dir='ltr'><strong><em>Μ</em></strong></span> <span class='ocrx_word' id='word_1_391' title='bbox 153 3089 227 3142; x_wconf 85' lang='lat' dir='ltr'><em>deest</em></span> <span class='ocrx_word' id='word_1_392' title='bbox 241 3088 287 3143; x_wconf 80' lang='lat' dir='ltr'><em>et.</em></span> <span class='ocrx_word' id='word_1_393' title='bbox 329 3087 362 3122; x_wconf 75' lang='lat'><em>²⁷⁰</em></span> <span class='ocrx_word' id='word_1_394' title='bbox 378 3088 407 3141; x_wconf 85' lang='lat' dir='ltr'><em>h.</em></span> <span class='ocrx_word' id='word_1_395' title='bbox 424 3087 516 3142; x_wconf 89' lang='lat' dir='ltr'><em>addit:</em></span> <span class='ocrx_word' id='word_1_396' title='bbox 545 3087 1017 3161; x_wconf 76' lang='lat' dir='ltr'><em>llorumenterermnqnelidelinm</em></span> <span class='ocrx_word' id='word_1_397' title='bbox 1048 3089 1125 3161; x_wconf 78' lang='lat' dir='ltr'><em>regni</em></span> <span class='ocrx_word' id='word_1_398' title='bbox 1143 3090 1261 3145; x_wconf 89' lang='lat' dir='ltr'><em>consilio</em></span> <span class='ocrx_word' id='word_1_399' title='bbox 1272 3107 1348 3157; x_wconf 88' lang='lat' dir='ltr'><em>usus,</em></span> <span class='ocrx_word' id='word_1_400' title='bbox 1364 3091 1441 3146; x_wconf 92' lang='lat' dir='ltr'><em>vobis</em></span> <span class='ocrx_word' id='word_1_401' title='bbox 1465 3091 1619 3148; x_wconf 81' lang='lat' dir='ltr'><em>fiducialius</em></span> <span class='ocrx_word' id='word_1_402' title='bbox 1634 3100 1662 3149; x_wconf 88' lang='lat' dir='ltr'><em>et</em></span> <span class='ocrx_word' id='word_1_403' title='bbox 1679 3094 1728 3151; x_wconf 89' lang='lat' dir='ltr'><em>he·</em></span> 
     </span>
     <span class='ocr_line' id='line_1_33' title="bbox 60 3158 1726 3238; baseline 0.004 -22"><span class='ocrx_word' id='word_1_404' title='bbox 60 3161 168 3216; x_wconf 87' lang='lat' dir='ltr'><em>nestius</em></span> <span class='ocrx_word' id='word_1_405' title='bbox 188 3159 278 3214; x_wconf 84' lang='lat' dir='ltr'><em>babeo</em></span> <span class='ocrx_word' id='word_1_406' title='bbox 297 3158 443 3229; x_wconf 87' lang='lat' dir='ltr'><em>deplorare</em></span> <span class='ocrx_word' id='word_1_407' title='bbox 460 3158 509 3212; x_wconf 88' lang='lat' dir='ltr'><em>has</em></span> <span class='ocrx_word' id='word_1_408' title='bbox 523 3173 621 3213; x_wconf 89' lang='lat' dir='ltr'><em>omnes</em></span> <span class='ocrx_word' id='word_1_409' title='bbox 635 3161 761 3214; x_wconf 87' lang='lat' dir='ltr'><em>miserias</em></span> <span class='ocrx_word' id='word_1_410' title='bbox 781 3177 864 3216; x_wconf 78' lang='lat' dir='ltr'><em>vireas.</em></span> <span class='ocrx_word' id='word_1_411' title='bbox 881 3161 1037 3216; x_wconf 89' lang='lat' dir='ltr'><em>lidueialius</em></span> <span class='ocrx_word' id='word_1_412' title='bbox 1060 3170 1150 3215; x_wconf 91' lang='lat' dir='ltr'><em>tamen</em></span> <span class='ocrx_word' id='word_1_413' title='bbox 1167 3170 1278 3232; x_wconf 88' lang='lat' dir='ltr'><em>propter</em></span> <span class='ocrx_word' id='word_1_414' title='bbox 1302 3171 1404 3217; x_wconf 87' lang='lat' dir='ltr'><em>mutnae</em></span> <span class='ocrx_word' id='word_1_415' title='bbox 1420 3164 1669 3238; x_wconf 69' lang='lat' dir='ltr'><em>consanguinitatis</em></span> <span class='ocrx_word' id='word_1_416' title='bbox 1682 3167 1726 3222; x_wconf 90' lang='lat' dir='ltr'><em>vel</em></span> 
     </span>
     <span class='ocr_line' id='line_1_34' title="bbox 60 3229 1725 3306; baseline 0.003 -19"><span class='ocrx_word' id='word_1_417' title='bbox 60 3231 182 3302; x_wconf 83' lang='lat' dir='ltr'><em>antiquae</em></span> <span class='ocrx_word' id='word_1_418' title='bbox 196 3229 329 3284; x_wconf 83' lang='lat' dir='ltr'><em>amiciciae</em></span> <span class='ocrx_word' id='word_1_419' title='bbox 340 3229 475 3293; x_wconf 87' lang='lat' dir='ltr'><em>debitum,</em></span> <span class='ocrx_word' id='word_1_420' title='bbox 497 3229 638 3284; x_wconf 84' lang='lat' dir='ltr'><em>honestius</em></span> <span class='ocrx_word' id='word_1_421' title='bbox 659 3240 761 3295; x_wconf 80' lang='lat' dir='ltr'><em>anterii,</em></span> <span class='ocrx_word' id='word_1_422' title='bbox 782 3240 894 3301; x_wconf 88' lang='lat' dir='ltr'><em>propter</em></span> <span class='ocrx_word' id='word_1_423' title='bbox 914 3232 979 3288; x_wconf 90' lang='lat' dir='ltr'><em>tanti</em></span> <span class='ocrx_word' id='word_1_424' title='bbox 1000 3232 1077 3304; x_wconf 77' lang='lat' dir='ltr'><em>regni</em></span> <span class='ocrx_word' id='word_1_425' title='bbox 1102 3247 1203 3287; x_wconf 88' lang='lat' dir='ltr'><em>nomen</em></span> <span class='ocrx_word' id='word_1_426' title='bbox 1217 3233 1377 3304; x_wconf 82' lang='lat' dir='ltr'><em>gloriosum.</em></span> <span class='ocrx_word' id='word_1_427' title='bbox 1398 3233 1450 3288; x_wconf 91' lang='lat' dir='ltr'><em>Vos</em></span> <span class='ocrx_word' id='word_1_428' title='bbox 1466 3241 1558 3289; x_wconf 89' lang='lat' dir='ltr'><em>autem</em></span> <span class='ocrx_word' id='word_1_429' title='bbox 1578 3234 1725 3306; x_wconf 85' lang='lat' dir='ltr'><em>perfidem</em></span> 
     </span>
     <span class='ocr_line' id='line_1_35' title="bbox 61 3299 1726 3374; baseline 0.004 -17"><span class='ocrx_word' id='word_1_430' title='bbox 61 3320 112 3374; x_wconf 86' lang='lat' dir='ltr'><em>per</em></span> <span class='ocrx_word' id='word_1_431' title='bbox 125 3300 280 3356; x_wconf 84' lang='lat' dir='ltr'><em>amiciciam</em></span> <span class='ocrx_word' id='word_1_432' title='bbox 295 3307 417 3374; x_wconf 81' lang='lat' dir='ltr'><em>rogatus.</em></span> <span class='ocrx_word' id='word_1_433' title='bbox 445 3299 471 3353; x_wconf 91' lang='lat' dir='ltr'><em>in</em></span> <span class='ocrx_word' id='word_1_434' title='bbox 488 3300 569 3354; x_wconf 90' lang='lat' dir='ltr'><em>tantis</em></span> <span class='ocrx_word' id='word_1_435' title='bbox 588 3300 814 3356; x_wconf 84' lang='lat' dir='ltr'><em>tribulationibus</em></span> <span class='ocrx_word' id='word_1_436' title='bbox 840 3301 909 3357; x_wconf 88' lang='lat' dir='ltr'><em>meis</em></span> <span class='ocrx_word' id='word_1_437' title='bbox 923 3304 980 3357; x_wconf 88' lang='lat' dir='ltr'><em>acsi</em></span> <span class='ocrx_word' id='word_1_438' title='bbox 996 3302 1023 3356; x_wconf 92' lang='lat' dir='ltr'><em>in</em></span> <span class='ocrx_word' id='word_1_439' title='bbox 1039 3303 1146 3369; x_wconf 85' lang='lat' dir='ltr'><em>vestris,</em></span> <span class='ocrx_word' id='word_1_440' title='bbox 1175 3303 1332 3374; x_wconf 89' lang='lat' dir='ltr'><em>propinquo</em></span> <span class='ocrx_word' id='word_1_441' title='bbox 1348 3304 1508 3359; x_wconf 83' lang='lat' dir='ltr'><em>consuletis.</em></span> <span class='ocrx_word' id='word_1_442' title='bbox 1533 3305 1598 3369; x_wconf 73' lang='lat' dir='ltr'><em>Quia</em></span> <span class='ocrx_word' id='word_1_443' title='bbox 1612 3304 1677 3362; x_wconf 83' lang='lat' dir='ltr'><em>ndei</em></span> <span class='ocrx_word' id='word_1_444' title='bbox 1697 3315 1726 3364; x_wconf 87' lang='lat' dir='ltr'><em>et</em></span> 
     </span>
     <span class='ocr_line' id='line_1_36' title="bbox 59 3370 1722 3444; baseline 0.003 -17"><span class='ocrx_word' id='word_1_445' title='bbox 59 3373 195 3428; x_wconf 72' lang='lat' dir='ltr'><em>amiciciae</em></span> <span class='ocrx_word' id='word_1_446' title='bbox 209 3371 320 3425; x_wconf 80' lang='lat' dir='ltr'><em>vincula</em></span> <span class='ocrx_word' id='word_1_447' title='bbox 335 3370 386 3425; x_wconf 90' lang='lat' dir='ltr'><em>etsi</em></span> <span class='ocrx_word' id='word_1_448' title='bbox 404 3371 474 3424; x_wconf 88' lang='lat' dir='ltr'><em>inter</em></span> <span class='ocrx_word' id='word_1_449' title='bbox 490 3386 541 3425; x_wconf 91' lang='lat' dir='ltr'><em>nos</em></span> <span class='ocrx_word' id='word_1_450' title='bbox 552 3386 607 3426; x_wconf 92' lang='lat' dir='ltr'><em>non</em></span> <span class='ocrx_word' id='word_1_451' title='bbox 618 3379 721 3426; x_wconf 90' lang='lat' dir='ltr'><em>essent.</em></span> <span class='ocrx_word' id='word_1_452' title='bbox 739 3379 858 3427; x_wconf 87' lang='lat' dir='ltr'><em>vestrum</em></span> <span class='ocrx_word' id='word_1_453' title='bbox 875 3383 965 3427; x_wconf 82' lang='lat' dir='ltr'><em>tannen</em></span> <span class='ocrx_word' id='word_1_454' title='bbox 980 3382 1007 3426; x_wconf 85' lang='lat' dir='ltr'><em>et</em></span> <span class='ocrx_word' id='word_1_455' title='bbox 1018 3372 1139 3427; x_wconf 90' lang='lat' dir='ltr'><em>omnium</em></span> <span class='ocrx_word' id='word_1_456' title='bbox 1157 3388 1252 3444; x_wconf 78' lang='lat' dir='ltr'><em>regum</em></span> <span class='ocrx_word' id='word_1_457' title='bbox 1269 3381 1349 3428; x_wconf 77' lang='lat' dir='ltr'><em>terrae</em></span> <span class='ocrx_word' id='word_1_458' title='bbox 1360 3381 1400 3428; x_wconf 90' lang='lat' dir='ltr'><em>est</em></span> <span class='ocrx_word' id='word_1_459' title='bbox 1417 3374 1580 3444; x_wconf 88' lang='lat' dir='ltr'><em>injuriamet</em></span> <span class='ocrx_word' id='word_1_460' title='bbox 1594 3383 1722 3432; x_wconf 89' lang='lat' dir='ltr'><em>oontem-</em></span> 
     </span>
     <span class='ocr_line' id='line_1_37' title="bbox 60 3441 1723 3516; baseline 0.001 -17"><span class='ocrx_word' id='word_1_461' title='bbox 60 3455 138 3514; x_wconf 90' lang='lat' dir='ltr'><em>ptum</em></span> <span class='ocrx_word' id='word_1_462' title='bbox 156 3452 280 3498; x_wconf 88' lang='lat' dir='ltr'><em>nestrum</em></span> <span class='ocrx_word' id='word_1_463' title='bbox 294 3441 434 3496; x_wconf 84' lang='lat' dir='ltr'><em>vindicare</em></span> <span class='ocrx_word' id='word_1_464' title='bbox 450 3448 477 3496; x_wconf 87' lang='lat' dir='ltr'><em>et</em></span> <span class='ocrx_word' id='word_1_465' title='bbox 497 3448 550 3495; x_wconf 85' lang='lat' dir='ltr'><em>tam</em></span> <span class='ocrx_word' id='word_1_466' title='bbox 569 3441 679 3496; x_wconf 77' lang='lat' dir='ltr'><em>nelarie</em></span> <span class='ocrx_word' id='word_1_467' title='bbox 701 3443 865 3512; x_wconf 88' lang='lat' dir='ltr'><em>proditionis</em></span> <span class='ocrx_word' id='word_1_468' title='bbox 879 3451 905 3499; x_wconf 90' lang='lat' dir='ltr'><em>et</em></span> <span class='ocrx_word' id='word_1_469' title='bbox 932 3442 1071 3498; x_wconf 77' lang='lat' dir='ltr'><em>violentiae</em></span> <span class='ocrx_word' id='word_1_470' title='bbox 1084 3443 1239 3512; x_wconf 86' lang='lat' dir='ltr'><em>exemplum</em></span> <span class='ocrx_word' id='word_1_471' title='bbox 1254 3443 1288 3497; x_wconf 91' lang='lat' dir='ltr'><em>de</em></span> <span class='ocrx_word' id='word_1_472' title='bbox 1314 3443 1460 3513; x_wconf 86' lang='lat' dir='ltr'><em>superlieie</em></span> <span class='ocrx_word' id='word_1_473' title='bbox 1482 3452 1560 3499; x_wconf 81' lang='lat' dir='ltr'><em>terrae</em></span> <span class='ocrx_word' id='word_1_474' title='bbox 1576 3446 1723 3516; x_wconf 82' lang='lat' dir='ltr'><em>extirpare,</em></span> 
     </span>
     <span class='ocr_line' id='line_1_38' title="bbox 60 3511 1723 3586; baseline 0.001 -16"><span class='ocrx_word' id='word_1_475' title='bbox 60 3521 230 3585; x_wconf 87' lang='lat' dir='ltr'><em>cooperante</em></span> <span class='ocrx_word' id='word_1_476' title='bbox 246 3512 358 3568; x_wconf 90' lang='lat' dir='ltr'><em>domino</em></span> <span class='ocrx_word' id='word_1_477' title='bbox 372 3521 467 3566; x_wconf 92' lang='lat' dir='ltr'><em>nostro</em></span> <span class='ocrx_word' id='word_1_478' title='bbox 481 3512 565 3567; x_wconf 79' lang='lat' dir='ltr'><em>ihesu</em></span> <span class='ocrx_word' id='word_1_479' title='bbox 581 3511 696 3567; x_wconf 80' lang='lat' dir='ltr'><em>Christo.</em></span> <span class='ocrx_word' id='word_1_480' title='bbox 712 3514 756 3568; x_wconf 91' lang='lat' dir='ltr'><em>eui</em></span> <span class='ocrx_word' id='word_1_481' title='bbox 772 3521 814 3567; x_wconf 88' lang='lat' dir='ltr'><em>est</em></span> <span class='ocrx_word' id='word_1_482' title='bbox 829 3515 918 3569; x_wconf 92' lang='lat' dir='ltr'><em>honor</em></span> <span class='ocrx_word' id='word_1_483' title='bbox 937 3520 965 3567; x_wconf 92' lang='lat' dir='ltr'><em>et</em></span> <span class='ocrx_word' id='word_1_484' title='bbox 988 3513 1074 3583; x_wconf 79' lang='lat' dir='ltr'><em>gloria</em></span> <span class='ocrx_word' id='word_1_485' title='bbox 1098 3513 1126 3565; x_wconf 91' lang='lat' dir='ltr'><em>in</em></span> <span class='ocrx_word' id='word_1_486' title='bbox 1140 3511 1232 3567; x_wconf 86' lang='lat' dir='ltr'><em>secula</em></span> <span class='ocrx_word' id='word_1_487' title='bbox 1256 3514 1409 3568; x_wconf 90' lang='lat' dir='ltr'><em>seculorum</em></span> <span class='ocrx_word' id='word_1_488' title='bbox 1425 3530 1516 3568; x_wconf 87' lang='lat' dir='ltr'><em>amen.</em></span> <span class='ocrx_word' id='word_1_489' title='bbox 1533 3531 1591 3584; x_wconf 77' lang='lat' dir='ltr'><em>qua</em></span> <span class='ocrx_word' id='word_1_490' title='bbox 1606 3522 1723 3586; x_wconf 73' lang='lat' dir='ltr'><em>exceptis</em></span> 
     </span>
     <span class='ocr_line' id='line_1_39' title="bbox 57 3584 1723 3655; baseline 0.001 -13"><span class='ocrx_word' id='word_1_491' title='bbox 57 3592 227 3655; x_wconf 87' lang='lat' dir='ltr'><em>cooperante</em></span> <span class='ocrx_word' id='word_1_492' title='bbox 237 3614 273 3623; x_wconf 91' lang='lat'>-</span> <span class='ocrx_word' id='word_1_493' title='bbox 284 3599 364 3638; x_wconf 91' lang='lat' dir='ltr'><em>amen</em></span> <span class='ocrx_word' id='word_1_494' title='bbox 380 3585 508 3651; x_wconf 75' lang='lat' dir='ltr'><em>toquentur</em></span> <span class='ocrx_word' id='word_1_495' title='bbox 522 3586 603 3638; x_wconf 84' lang='lat' dir='ltr'><em>etium</em></span> <span class='ocrx_word' id='word_1_496' title='bbox 615 3587 644 3638; x_wconf 89' lang='lat' dir='ltr'><em>in</em></span> <span class='ocrx_word' id='word_1_497' title='bbox 659 3584 823 3637; x_wconf 81' lang='lat' dir='ltr'><em>editionibus</em></span> <span class='ocrx_word' id='word_1_498' title='bbox 831 3584 914 3653; x_wconf 60' lang='lat' dir='ltr'><em>hirjats</em></span> <span class='ocrx_word' id='word_1_499' title='bbox 924 3584 1051 3652; x_wconf 75' lang='lat' dir='ltr'><em>epistolae.</em></span> <span class='ocrx_word' id='word_1_500' title='bbox 1067 3584 1179 3636; x_wconf 84' lang='lat' dir='ltr'><em>Videtur</em></span> <span class='ocrx_word' id='word_1_501' title='bbox 1190 3586 1283 3652; x_wconf 83' lang='lat' dir='ltr'><em>itaque</em></span> <span class='ocrx_word' id='word_1_502' title='bbox 1297 3585 1448 3650; x_wconf 81' lang='lat' dir='ltr'><em>Siqehertus</em></span> <span class='ocrx_word' id='word_1_503' title='bbox 1457 3600 1488 3638; x_wconf 88' lang='lat' dir='ltr'><em>ec</em></span> <span class='ocrx_word' id='word_1_504' title='bbox 1501 3587 1589 3653; x_wconf 80' lang='lat' dir='ltr'><em>primo</em></span> <span class='ocrx_word' id='word_1_505' title='bbox 1595 3586 1723 3655; x_wconf 85' lang='lat' dir='ltr'><em>edidisse,</em></span> 
     </span>
    </p>
   </div>
   <div class='ocr_carea' id='block_1_14' title="bbox 60 3654 1816 3726">
    <p class='ocr_par' dir='ltr' id='par_1_15' title="bbox 60 3654 1816 3726">
     <span class='ocr_line' id='line_1_40' title="bbox 60 3654 1816 3726; baseline 0.001 -15"><span class='ocrx_word' id='word_1_506' title='bbox 60 3658 133 3711; x_wconf 85' lang='lat' dir='ltr'><em>unde</em></span> <span class='ocrx_word' id='word_1_507' title='bbox 146 3658 176 3710; x_wconf 81' lang='grc' dir='ltr'><em>Α.</em></span> <span class='ocrx_word' id='word_1_508' title='bbox 192 3672 225 3709; x_wconf 88' lang='lat' dir='ltr'><em>en</em></span> <span class='ocrx_word' id='word_1_509' title='bbox 238 3655 327 3721; x_wconf 82' lang='lat' dir='ltr'><em>hebet,</em></span> <span class='ocrx_word' id='word_1_510' title='bbox 347 3655 395 3708; x_wconf 88' lang='lat' dir='ltr'><em>scd</em></span> <span class='ocrx_word' id='word_1_511' title='bbox 407 3658 469 3723; x_wconf 84' lang='lat' dir='ltr'><em>post</em></span> <span class='ocrx_word' id='word_1_512' title='bbox 479 3654 616 3720; x_wconf 77' lang='lat' dir='ltr'><em>rtotrnisse,</em></span> <span class='ocrx_word' id='word_1_513' title='bbox 632 3655 703 3708; x_wconf 78' lang='lat' dir='ltr'><em>aride</em></span> <span class='ocrx_word' id='word_1_514' title='bbox 721 3655 833 3724; x_wconf 84' lang='lat' dir='ltr'><em>reliquis</em></span> <span class='ocrx_word' id='word_1_515' title='bbox 844 3656 949 3709; x_wconf 88' lang='lat' dir='ltr'><em>desunt.</em></span> <span class='ocrx_word' id='word_1_516' title='bbox 965 3656 997 3707; x_wconf 87' lang='lat' dir='ltr'><em>tn</em></span> <span class='ocrx_word' id='word_1_517' title='bbox 1008 3655 1032 3707; x_wconf 93' lang='lat' dir='ltr'><em>l.</em></span> <span class='ocrx_word' id='word_1_518' title='bbox 1044 3669 1148 3707; x_wconf 48' lang='lat' dir='ltr'><em>viosura</em></span> <span class='ocrx_word' id='word_1_519' title='bbox 1161 3656 1304 3720; x_wconf 82' lang='lat' dir='ltr'><em>nestiqium</em></span> <span class='ocrx_word' id='word_1_520' title='bbox 1318 3655 1434 3708; x_wconf 75' lang='lat' dir='ltr'><em>antulium.</em></span> <span class='ocrx_word' id='word_1_521' title='bbox 1446 3685 1480 3693; x_wconf 92' lang='lat'><strong>—</strong></span> <span class='ocrx_word' id='word_1_522' title='bbox 1495 3656 1596 3710; x_wconf 84' lang='lat' dir='ltr'><em>Eodem</em></span> <span class='ocrx_word' id='word_1_523' title='bbox 1609 3659 1723 3726; x_wconf 74' lang='lat' dir='ltr'><em>qtistolu</em></span> <span class='ocrx_word' id='word_1_524' title='bbox 1813 3720 1816 3726; x_wconf 52' lang='grc'><strong>,</strong></span> 
     </span>
    </p>
   </div>
   <div class='ocr_carea' id='block_1_15' title="bbox 59 3724 1724 4294">
    <p class='ocr_par' dir='ltr' id='par_1_16' title="bbox 59 3724 1724 4294">
     <span class='ocr_line' id='line_1_41' title="bbox 59 3724 1723 3795; baseline 0 -13"><span class='ocrx_word' id='word_1_525' title='bbox 59 3730 160 3795; x_wconf 76' lang='lat' dir='ltr'><em>lenitur</em></span> <span class='ocrx_word' id='word_1_526' title='bbox 174 3729 256 3781; x_wconf 83' lang='lat' dir='ltr'><em>etiam</em></span> <span class='ocrx_word' id='word_1_527' title='bbox 276 3727 307 3778; x_wconf 90' lang='lat' dir='ltr'><em>in</em></span> <span class='ocrx_word' id='word_1_528' title='bbox 329 3726 418 3779; x_wconf 85' lang='lat' dir='ltr'><em>ecdico</em></span> <span class='ocrx_word' id='word_1_529' title='bbox 437 3727 465 3780; x_wconf 91' lang='lat' dir='ltr'><em>S.</em></span> <span class='ocrx_word' id='word_1_530' title='bbox 483 3727 577 3779; x_wconf 77' lang='lat' dir='ltr'><em>illaria</em></span> <span class='ocrx_word' id='word_1_531' title='bbox 596 3729 624 3778; x_wconf 84' lang='lat' dir='ltr'><em>in</em></span> <span class='ocrx_word' id='word_1_532' title='bbox 643 3726 751 3789; x_wconf 77' lang='lat' dir='ltr'><em>Villam,</em></span> <span class='ocrx_word' id='word_1_533' title='bbox 762 3726 822 3794; x_wconf 88' lang='lat' dir='ltr'><em>jam</em></span> <span class='ocrx_word' id='word_1_534' title='bbox 836 3728 952 3780; x_wconf 81' lang='lat' dir='ltr'><em>ciuitatis</em></span> <span class='ocrx_word' id='word_1_535' title='bbox 967 3725 1162 3788; x_wconf 77' lang='lat' dir='ltr'><em>Bmeectlcnsis,</em></span> <span class='ocrx_word' id='word_1_536' title='bbox 1177 3739 1199 3776; x_wconf 77' lang='lat' dir='ltr'><em>e.</em></span> <span class='ocrx_word' id='word_1_537' title='bbox 1216 3724 1273 3790; x_wconf 87' lang='lat' dir='ltr'><em>llll,</em></span> <span class='ocrx_word' id='word_1_538' title='bbox 1293 3741 1335 3778; x_wconf 74' lang='lat' dir='ltr'><em>ee.</em></span> <span class='ocrx_word' id='word_1_539' title='bbox 1347 3732 1409 3794; x_wconf 83' lang='lat' dir='ltr'><em>post</em></span> <span class='ocrx_word' id='word_1_540' title='bbox 1419 3729 1551 3780; x_wconf 81' lang='lat' dir='ltr'><em>tractulus</em></span> <span class='ocrx_word' id='word_1_541' title='bbox 1566 3729 1586 3782; x_wconf 89' lang='lat' dir='ltr'>S</span> <span class='ocrx_word' id='word_1_542' title='bbox 1607 3731 1723 3783; x_wconf 80' lang='lat' dir='ltr'><em>Bernar-</em></span> 
     </span>
     <span class='ocr_line' id='line_1_42' title="bbox 60 3793 1724 3867; baseline -0.001 -13"><span class='ocrx_word' id='word_1_543' title='bbox 60 3800 100 3861; x_wconf 79' lang='lat' dir='ltr'><em>ot.</em></span> <span class='ocrx_word' id='word_1_544' title='bbox 116 3799 257 3867; x_wconf 82' lang='lat' dir='ltr'><em>descripta</em></span> <span class='ocrx_word' id='word_1_545' title='bbox 272 3796 444 3863; x_wconf 77' lang='lat' dir='ltr'><em>estqenerto.</em></span> <span class='ocrx_word' id='word_1_546' title='bbox 462 3800 492 3849; x_wconf 86' lang='lat' dir='ltr'><em>ut</em></span> <span class='ocrx_word' id='word_1_547' title='bbox 504 3797 618 3849; x_wconf 81' lang='lat' dir='ltr'><em>rubrum</em></span> <span class='ocrx_word' id='word_1_548' title='bbox 634 3797 707 3850; x_wconf 89' lang='lat' dir='ltr'><em>docet</em></span> <span class='ocrx_word' id='word_1_549' title='bbox 718 3798 758 3850; x_wconf 83' lang='lat' dir='ltr'><em>iot</em></span> <span class='ocrx_word' id='word_1_550' title='bbox 769 3799 928 3866; x_wconf 64' lang='lat' dir='ltr'><em>perannum:</em></span> <span class='ocrx_word' id='word_1_551' title='bbox 946 3795 1078 3849; x_wconf 86' lang='lat' dir='ltr'><em>llemicus</em></span> <span class='ocrx_word' id='word_1_552' title='bbox 1091 3793 1165 3848; x_wconf 87' lang='lat' dir='ltr'><em>lilius</em></span> <span class='ocrx_word' id='word_1_553' title='bbox 1191 3795 1257 3864; x_wconf 92' lang='lat' dir='ltr'><em>imp.</em></span> <span class='ocrx_word' id='word_1_554' title='bbox 1276 3795 1295 3848; x_wconf 91' lang='lat' dir='ltr'><em>ll</em></span> <span class='ocrx_word' id='word_1_555' title='bbox 1323 3803 1419 3850; x_wconf 91' lang='lat' dir='ltr'><em>eontra</em></span> <span class='ocrx_word' id='word_1_556' title='bbox 1440 3795 1486 3864; x_wconf 89' lang='lat' dir='ltr'><em>jus</em></span> <span class='ocrx_word' id='word_1_557' title='bbox 1502 3804 1606 3851; x_wconf 69' lang='lat' dir='ltr'><em>naturae</em></span> <span class='ocrx_word' id='word_1_558' title='bbox 1627 3805 1653 3852; x_wconf 93' lang='lat' dir='ltr'><em>et</em></span> <span class='ocrx_word' id='word_1_559' title='bbox 1683 3800 1724 3854; x_wconf 87' lang='lat' dir='ltr'><em>ias</em></span> 
     </span>
     <span class='ocr_line' id='line_1_43' title="bbox 61 3866 1723 3942; baseline 0 -19"><span class='ocrx_word' id='word_1_560' title='bbox 61 3872 152 3942; x_wconf 79' lang='lat' dir='ltr'><em>legum</em></span> <span class='ocrx_word' id='word_1_561' title='bbox 168 3869 196 3922; x_wconf 92' lang='lat' dir='ltr'><em>in</em></span> <span class='ocrx_word' id='word_1_562' title='bbox 221 3874 326 3938; x_wconf 89' lang='lat' dir='ltr'><em>patrem</em></span> <span class='ocrx_word' id='word_1_563' title='bbox 342 3866 488 3940; x_wconf 82' lang='lat' dir='ltr'><em>insurgens</em></span> <span class='ocrx_word' id='word_1_564' title='bbox 522 3868 616 3922; x_wconf 83' lang='lat' dir='ltr'><em>Scribe</em></span> <span class='ocrx_word' id='word_1_565' title='bbox 631 3872 781 3936; x_wconf 81' lang='lat' dir='ltr'><em>sequentem</em></span> <span class='ocrx_word' id='word_1_566' title='bbox 795 3869 928 3935; x_wconf 77' lang='lat' dir='ltr'><em>Siqeberti</em></span> <span class='ocrx_word' id='word_1_567' title='bbox 948 3869 1134 3921; x_wconf 77' lang='lat' dir='ltr'><em>recreationem</em></span> <span class='ocrx_word' id='word_1_568' title='bbox 1148 3868 1226 3920; x_wconf 87' lang='lat' dir='ltr'><em>itcin</em></span> <span class='ocrx_word' id='word_1_569' title='bbox 1241 3868 1320 3934; x_wconf 74' lang='lat' dir='ltr'><em>fierem</em></span> <span class='ocrx_word' id='word_1_570' title='bbox 1335 3869 1451 3935; x_wconf 77' lang='lat' dir='ltr'><em>epistota</em></span> <span class='ocrx_word' id='word_1_571' title='bbox 1465 3871 1608 3923; x_wconf 73' lang='lat' dir='ltr'><em>antevertit:</em></span> <span class='ocrx_word' id='word_1_572' title='bbox 1625 3866 1723 3923; x_wconf 85' lang='lat' dir='ltr'><em>hdeles</em></span> 
     </span>
     <span class='ocr_line' id='line_1_44' title="bbox 62 3936 1723 4009; baseline -0.001 -14"><span class='ocrx_word' id='word_1_573' title='bbox 62 3941 167 3995; x_wconf 88' lang='lat' dir='ltr'><em>inveni.</em></span> <span class='ocrx_word' id='word_1_574' title='bbox 184 3938 228 3993; x_wconf 85' lang='lat' dir='ltr'><em>lle</em></span> <span class='ocrx_word' id='word_1_575' title='bbox 243 3952 308 3992; x_wconf 89' lang='lat' dir='ltr'><em>vcro</em></span> <span class='ocrx_word' id='word_1_576' title='bbox 323 3943 509 3992; x_wconf 79' lang='lat' dir='ltr'><em>annumerante</em></span> <span class='ocrx_word' id='word_1_577' title='bbox 527 3936 714 4002; x_wconf 78' lang='lat' dir='ltr'><em>l.eodii,tilins</em></span> <span class='ocrx_word' id='word_1_578' title='bbox 729 3955 807 3994; x_wconf 88' lang='lat' dir='ltr'><em>meas</em></span> <span class='ocrx_word' id='word_1_579' title='bbox 821 3943 850 3992; x_wconf 81' lang='grc' dir='ltr'><em>Α.</em></span> <span class='ocrx_word' id='word_1_580' title='bbox 867 3955 892 3993; x_wconf 84' lang='grc' dir='ltr'><em>ν.</em></span> <span class='ocrx_word' id='word_1_581' title='bbox 910 3953 933 3994; x_wconf 92' lang='lat' dir='ltr'><em>e.</em></span> <span class='ocrx_word' id='word_1_582' title='bbox 950 3954 974 3992; x_wconf 94' lang='lat' dir='ltr'><em>v.</em></span> <span class='ocrx_word' id='word_1_583' title='bbox 990 3953 1016 3992; x_wconf 96' lang='lat' dir='ltr'><em>v.</em></span> <span class='ocrx_word' id='word_1_584' title='bbox 1031 3937 1049 3990; x_wconf 88' lang='lat' dir='ltr'>L</span> <span class='ocrx_word' id='word_1_585' title='bbox 1077 3953 1100 3991; x_wconf 91' lang='lat' dir='ltr'><em>e.</em></span> <span class='ocrx_word' id='word_1_586' title='bbox 1117 3952 1159 3991; x_wconf 91' lang='lat' dir='ltr'><em>me</em></span> <span class='ocrx_word' id='word_1_587' title='bbox 1175 3954 1202 4006; x_wconf 87' lang='lat' dir='ltr'><em>p.</em></span> <span class='ocrx_word' id='word_1_588' title='bbox 1215 3952 1237 3990; x_wconf 90' lang='lat' dir='ltr'><em>s.</em></span> <span class='ocrx_word' id='word_1_589' title='bbox 1254 3937 1280 3990; x_wconf 79' lang='lat'><em>5&#39;.</em></span> <span class='ocrx_word' id='word_1_590' title='bbox 1299 3939 1310 3991; x_wconf 92' lang='lat' dir='ltr'><em>l&#39;</em></span> <span class='ocrx_word' id='word_1_591' title='bbox 1333 3938 1390 3992; x_wconf 90' lang='lat' dir='ltr'><em>d.e</em></span> <span class='ocrx_word' id='word_1_592' title='bbox 1416 3954 1434 4008; x_wconf 89' lang='lat' dir='ltr'><em>p</em></span> <span class='ocrx_word' id='word_1_593' title='bbox 1461 3953 1486 3993; x_wconf 92' lang='lat' dir='ltr'><em>s.</em></span> <span class='ocrx_word' id='word_1_594' title='bbox 1506 3955 1532 4008; x_wconf 91' lang='lat' dir='ltr'><em>p.</em></span> <span class='ocrx_word' id='word_1_595' title='bbox 1549 3955 1576 4009; x_wconf 91' lang='lat' dir='ltr'><em>p.</em></span> <span class='ocrx_word' id='word_1_596' title='bbox 1595 3957 1618 3991; x_wconf 86' lang='lat' dir='ltr'><em>n.</em></span> <span class='ocrx_word' id='word_1_597' title='bbox 1635 3938 1678 3992; x_wconf 90' lang='lat' dir='ltr'><em>W.</em></span> <span class='ocrx_word' id='word_1_598' title='bbox 1694 3956 1723 3994; x_wconf 92' lang='lat' dir='ltr'><em>n.</em></span> 
     </span>
     <span class='ocr_line' id='line_1_45' title="bbox 60 4007 1724 4082; baseline -0.001 -16"><span class='ocrx_word' id='word_1_599' title='bbox 60 4029 89 4082; x_wconf 91' lang='lat' dir='ltr'><em>q.</em></span> <span class='ocrx_word' id='word_1_600' title='bbox 103 4028 127 4066; x_wconf 88' lang='lat' dir='ltr'><em>s.</em></span> <span class='ocrx_word' id='word_1_601' title='bbox 148 4027 176 4064; x_wconf 96' lang='lat' dir='ltr'><em>v.</em></span> <span class='ocrx_word' id='word_1_602' title='bbox 197 4025 223 4064; x_wconf 92' lang='lat' dir='ltr'><em>o.</em></span> <span class='ocrx_word' id='word_1_603' title='bbox 241 4007 270 4063; x_wconf 89' lang='lat' dir='ltr'><em>S.</em></span> <span class='ocrx_word' id='word_1_604' title='bbox 287 4024 324 4061; x_wconf 91' lang='lat' dir='ltr'><em>m.</em></span> <span class='ocrx_word' id='word_1_605' title='bbox 340 4008 409 4062; x_wconf 86' lang='lat' dir='ltr'><em>mois</em></span> <span class='ocrx_word' id='word_1_606' title='bbox 424 4024 446 4063; x_wconf 89' lang='lat' dir='ltr'><em>o.</em></span> <span class='ocrx_word' id='word_1_607' title='bbox 459 4024 484 4062; x_wconf 90' lang='lat' dir='ltr'><em>a.</em></span> <span class='ocrx_word' id='word_1_608' title='bbox 501 4023 525 4062; x_wconf 93' lang='lat' dir='ltr'><em>e.</em></span> <span class='ocrx_word' id='word_1_609' title='bbox 543 4025 570 4078; x_wconf 91' lang='lat' dir='ltr'><em>p.</em></span> <span class='ocrx_word' id='word_1_610' title='bbox 583 4025 619 4063; x_wconf 90' lang='lat' dir='ltr'><em>m.</em></span> <span class='ocrx_word' id='word_1_611' title='bbox 637 4008 711 4063; x_wconf 91' lang='lat' dir='ltr'><em>illins</em></span> <span class='ocrx_word' id='word_1_612' title='bbox 724 4026 749 4064; x_wconf 87' lang='lat' dir='ltr'><em>a.</em></span> <span class='ocrx_word' id='word_1_613' title='bbox 767 4026 793 4079; x_wconf 91' lang='lat' dir='ltr'><em>p.</em></span> <span class='ocrx_word' id='word_1_614' title='bbox 811 4026 834 4063; x_wconf 93' lang='lat' dir='ltr'><em>r.</em></span> <span class='ocrx_word' id='word_1_615' title='bbox 847 4014 896 4064; x_wconf 87' lang='lat' dir='ltr'><em>ete.</em></span> <span class='ocrx_word' id='word_1_616' title='bbox 920 4023 1005 4078; x_wconf 86' lang='lat' dir='ltr'><em>usque</em></span> <span class='ocrx_word' id='word_1_617' title='bbox 1018 4009 1056 4062; x_wconf 91' lang='lat' dir='ltr'><em>ed</em></span> <span class='ocrx_word' id='word_1_618' title='bbox 1066 4007 1149 4062; x_wconf 87' lang='lat' dir='ltr'><em>rediit</em></span> <span class='ocrx_word' id='word_1_619' title='bbox 1161 4007 1305 4079; x_wconf 85' lang='lat' dir='ltr'><em>inglorius.</em></span> <span class='ocrx_word' id='word_1_620' title='bbox 1339 4009 1374 4042; x_wconf 77' lang='lat'><em>²⁸⁰</em></span> <span class='ocrx_word' id='word_1_621' title='bbox 1387 4009 1499 4063; x_wconf 88' lang='lat' dir='ltr'><em>iuterim</em></span> <span class='ocrx_word' id='word_1_622' title='bbox 1514 4038 1548 4048; x_wconf 95' lang='lat'><em>-</em></span> <span class='ocrx_word' id='word_1_623' title='bbox 1564 4009 1624 4079; x_wconf 86' lang='lat' dir='ltr'><em>ejus</em></span> <span class='ocrx_word' id='word_1_624' title='bbox 1638 4010 1667 4062; x_wconf 90' lang='grc' dir='ltr'><em>Α.</em></span> <span class='ocrx_word' id='word_1_625' title='bbox 1683 4013 1724 4065; x_wconf 85' lang='lat' dir='ltr'><em>ita</em></span> 
     </span>
     <span class='ocr_line' id='line_1_46' title="bbox 60 4078 1719 4150; baseline -0.001 -13"><span class='ocrx_word' id='word_1_626' title='bbox 60 4083 183 4137; x_wconf 67' lang='lat' dir='ltr'><em>abibat:</em></span> <span class='ocrx_word' id='word_1_627' title='bbox 212 4079 365 4150; x_wconf 85' lang='lat' dir='ltr'><em>Imperator</em></span> <span class='ocrx_word' id='word_1_628' title='bbox 379 4078 523 4134; x_wconf 87' lang='lat' dir='ltr'><em>lleinrlcns</em></span> <span class='ocrx_word' id='word_1_629' title='bbox 546 4079 751 4135; x_wconf 86' lang='lat' dir='ltr'><em>exhereditatus</em></span> <span class='ocrx_word' id='word_1_630' title='bbox 770 4080 897 4149; x_wconf 90' lang='lat' dir='ltr'><em>imperio.</em></span> <span class='ocrx_word' id='word_1_631' title='bbox 926 4086 953 4135; x_wconf 88' lang='lat' dir='ltr'><em>et</em></span> <span class='ocrx_word' id='word_1_632' title='bbox 973 4078 1197 4133; x_wconf 84' lang='lat' dir='ltr'><em>inreconciliatus</em></span> <span class='ocrx_word' id='word_1_633' title='bbox 1217 4078 1376 4149; x_wconf 78' lang='lat' dir='ltr'><em>apostoliam</em></span> <span class='ocrx_word' id='word_1_634' title='bbox 1390 4079 1461 4134; x_wconf 89' lang='lat' dir='ltr'><em>sedi.</em></span> <span class='ocrx_word' id='word_1_635' title='bbox 1479 4079 1505 4133; x_wconf 83' lang='lat' dir='ltr'><em>l.</em></span> <span class='ocrx_word' id='word_1_636' title='bbox 1523 4079 1586 4134; x_wconf 88' lang='lat' dir='ltr'><em>Idus</em></span> <span class='ocrx_word' id='word_1_637' title='bbox 1604 4082 1641 4135; x_wconf 87' lang='lat' dir='ltr'><em>tlu</em></span> <span class='ocrx_word' id='word_1_638' title='bbox 1664 4082 1719 4136; x_wconf 86' lang='lat' dir='ltr'><em>usti</em></span> 
     </span>
     <span class='ocr_line' id='line_1_47' title="bbox 62 4097 1724 4229; baseline -0.001 -21"><span class='ocrx_word' id='word_1_639' title='bbox 62 4152 166 4208; x_wconf 88' lang='lat' dir='ltr'><em>leodiii</em></span> <span class='ocrx_word' id='word_1_640' title='bbox 181 4150 307 4205; x_wconf 42' lang='lat' dir='ltr'><em>moritur.</em></span> <span class='ocrx_word' id='word_1_641' title='bbox 326 4149 373 4204; x_wconf 90' lang='lat' dir='ltr'><em>ilie</em></span> <span class='ocrx_word' id='word_1_642' title='bbox 394 4150 421 4203; x_wconf 92' lang='lat' dir='ltr'><em>in</em></span> <span class='ocrx_word' id='word_1_643' title='bbox 438 4150 498 4219; x_wconf 86' lang='lat' dir='ltr'><em>ipso</em></span> <span class='ocrx_word' id='word_1_644' title='bbox 516 4150 612 4205; x_wconf 86' lang='lat' dir='ltr'><em>mortis</em></span> <span class='ocrx_word' id='word_1_645' title='bbox 624 4151 740 4206; x_wconf 89' lang='lat' dir='ltr'><em>articulo</em></span> <span class='ocrx_word' id='word_1_646' title='bbox 766 4152 941 4205; x_wconf 86' lang='lat' dir='ltr'><em>mandaverat</em></span> <span class='ocrx_word' id='word_1_647' title='bbox 957 4150 1014 4223; x_wconf 82' lang='lat' dir='ltr'><em>regi</em></span> <span class='ocrx_word' id='word_1_648' title='bbox 1032 4149 1088 4205; x_wconf 86' lang='lat' dir='ltr'><em>hlio</em></span> <span class='ocrx_word' id='word_1_649' title='bbox 1114 4165 1163 4205; x_wconf 88' lang='lat' dir='ltr'><em>suo</em></span> <span class='ocrx_word' id='word_1_650' title='bbox 1179 4158 1274 4204; x_wconf 88' lang='lat' dir='ltr'><em>contra</em></span> <span class='ocrx_word' id='word_1_651' title='bbox 1289 4165 1319 4205; x_wconf 84' lang='lat' dir='ltr'><em>se</em></span> <span class='ocrx_word' id='word_1_652' title='bbox 1334 4149 1472 4229; x_wconf 85' lang='lat' dir='ltr'><em>Coloniam</em></span> <span class='ocrx_word' id='word_1_653' title='bbox 1489 4097 1678 4223; x_wconf 50' lang='lat' dir='ltr'><em>obpugnanffi.</em></span> <span class='ocrx_word' id='word_1_654' title='bbox 1694 4161 1724 4207; x_wconf 91' lang='lat' dir='ltr'><em>ut</em></span> 
     </span>
     <span class='ocr_line' id='line_1_48' title="bbox 60 4220 1720 4294; baseline 0 -18"><span class='ocrx_word' id='word_1_655' title='bbox 60 4224 146 4294; x_wconf 77' lang='lat' dir='ltr'><em>Spirae</em></span> <span class='ocrx_word' id='word_1_656' title='bbox 161 4221 338 4292; x_wconf 87' lang='lat' dir='ltr'><em>sepeliretur.</em></span> <span class='ocrx_word' id='word_1_657' title='bbox 355 4220 398 4274; x_wconf 91' lang='lat' dir='ltr'><em>eui</em></span> <span class='ocrx_word' id='word_1_658' title='bbox 412 4227 439 4274; x_wconf 92' lang='lat' dir='ltr'><em>et</em></span> <span class='ocrx_word' id='word_1_659' title='bbox 458 4222 570 4275; x_wconf 79' lang='lat' dir='ltr'><em>errulum</em></span> <span class='ocrx_word' id='word_1_660' title='bbox 584 4237 663 4275; x_wconf 81' lang='lat' dir='ltr'><em>sirum</em></span> <span class='ocrx_word' id='word_1_661' title='bbox 680 4238 729 4292; x_wconf 89' lang='lat' dir='ltr'><em>per</em></span> <span class='ocrx_word' id='word_1_662' title='bbox 742 4222 924 4277; x_wconf 77' lang='lat' dir='ltr'><em>borchardum</em></span> <span class='ocrx_word' id='word_1_663' title='bbox 944 4220 1187 4276; x_wconf 84' lang='lat' dir='ltr'><em>lloriasteriensem</em></span> <span class='ocrx_word' id='word_1_664' title='bbox 1212 4221 1374 4290; x_wconf 87' lang='lat' dir='ltr'><em>episcopum</em></span> <span class='ocrx_word' id='word_1_665' title='bbox 1390 4220 1475 4274; x_wconf 83' lang='lat' dir='ltr'><em>misit.</em></span> <span class='ocrx_word' id='word_1_666' title='bbox 1490 4220 1545 4274; x_wconf 87' lang='lat' dir='ltr'><em>Sed</em></span> <span class='ocrx_word' id='word_1_667' title='bbox 1559 4234 1592 4275; x_wconf 90' lang='lat' dir='ltr'><em>eo</em></span> <span class='ocrx_word' id='word_1_668' title='bbox 1609 4222 1720 4276; x_wconf 88' lang='lat' dir='ltr'><em>interim</em></span> 
     </span>
    </p>
   </div>
   <div class='ocr_carea' id='block_1_16' title="bbox 59 4290 1797 4415">
    <p class='ocr_par' dir='ltr' id='par_1_17' title="bbox 59 4290 1797 4415">
     <span class='ocr_line' id='line_1_49' title="bbox 59 4290 1797 4415; baseline -0.002 -66"><span class='ocrx_word' id='word_1_669' title='bbox 59 4296 170 4365; x_wconf 87' lang='lat' dir='ltr'><em>sepulto</em></span> <span class='ocrx_word' id='word_1_670' title='bbox 184 4293 213 4346; x_wconf 91' lang='lat' dir='ltr'><em>in</em></span> <span class='ocrx_word' id='word_1_671' title='bbox 226 4292 353 4346; x_wconf 77' lang='lat' dir='ltr'><em>aecelcsia</em></span> <span class='ocrx_word' id='word_1_672' title='bbox 372 4292 457 4345; x_wconf 91' lang='lat' dir='ltr'><em>saneti</em></span> <span class='ocrx_word' id='word_1_673' title='bbox 474 4291 620 4347; x_wconf 83' lang='lat' dir='ltr'><em>lamberti.</em></span> <span class='ocrx_word' id='word_1_674' title='bbox 638 4307 671 4345; x_wconf 83' lang='lat' dir='ltr'><em>ex</em></span> <span class='ocrx_word' id='word_1_675' title='bbox 685 4293 846 4347; x_wconf 89' lang='lat' dir='ltr'><em>auctoritate</em></span> <span class='ocrx_word' id='word_1_676' title='bbox 866 4292 1019 4362; x_wconf 89' lang='lat' dir='ltr'><em>apostoliea</em></span> <span class='ocrx_word' id='word_1_677' title='bbox 1032 4307 1088 4415; x_wconf 76' lang='lat' dir='ltr'><em>qves</em></span> <span class='ocrx_word' id='word_1_678' title='bbox 1108 4291 1265 4347; x_wconf 89' lang='lat' dir='ltr'><em>lleinrieum</em></span> <span class='ocrx_word' id='word_1_679' title='bbox 1286 4290 1534 4364; x_wconf 79' lang='lat' dir='ltr'><em>lingaburgensem</em></span> <span class='ocrx_word' id='word_1_680' title='bbox 1554 4291 1720 4361; x_wconf 87' lang='lat' dir='ltr'><em>episcopum</em></span> <span class='ocrx_word' id='word_1_681' title='bbox 1789 4354 1797 4367; x_wconf 48' lang='lat'><strong>·</strong></span> 
     </span>
    </p>
   </div>
   <div class='ocr_carea' id='block_1_17' title="bbox 60 4360 1728 5531">
    <p class='ocr_par' dir='ltr' id='par_1_18' title="bbox 60 4360 1728 5531">
     <span class='ocr_line' id='line_1_50' title="bbox 60 4360 1722 4441; baseline -0.002 -21"><span class='ocrx_word' id='word_1_682' title='bbox 60 4364 223 4436; x_wconf 77' lang='lat' dir='ltr'><em>apostolicae</em></span> <span class='ocrx_word' id='word_1_683' title='bbox 242 4362 318 4417; x_wconf 88' lang='lat' dir='ltr'><em>sedis</em></span> <span class='ocrx_word' id='word_1_684' title='bbox 339 4363 456 4436; x_wconf 76' lang='lat' dir='ltr'><em>legatum</em></span> <span class='ocrx_word' id='word_1_685' title='bbox 473 4362 524 4431; x_wconf 92' lang='lat' dir='ltr'><em>ipsi</em></span> <span class='ocrx_word' id='word_1_686' title='bbox 539 4363 670 4417; x_wconf 76' lang='lat' dir='ltr'><em>aeclesia</em></span> <span class='ocrx_word' id='word_1_687' title='bbox 686 4363 809 4417; x_wconf 81' lang='lat' dir='ltr'><em>divinum</em></span> <span class='ocrx_word' id='word_1_688' title='bbox 826 4363 1000 4420; x_wconf 83' lang='lat' dir='ltr'><em>interdicitur</em></span> <span class='ocrx_word' id='word_1_689' title='bbox 1013 4377 1029 4417; x_wconf 95' lang='lat' dir='ltr'><em>o</em></span> <span class='ocrx_word' id='word_1_690' title='bbox 1043 4362 1144 4428; x_wconf 90' lang='lat' dir='ltr'><em>licium,</em></span> <span class='ocrx_word' id='word_1_691' title='bbox 1166 4363 1347 4433; x_wconf 75' lang='lat' dir='ltr'><em>quoadusque</em></span> <span class='ocrx_word' id='word_1_692' title='bbox 1362 4377 1463 4431; x_wconf 88' lang='lat' dir='ltr'><em>eorpus</em></span> <span class='ocrx_word' id='word_1_693' title='bbox 1477 4360 1512 4414; x_wconf 92' lang='lat' dir='ltr'><em>ab</em></span> <span class='ocrx_word' id='word_1_694' title='bbox 1524 4361 1670 4441; x_wconf 79' lang='lat' dir='ltr'><em>aeqclcsiai</em></span> <span class='ocrx_word' id='word_1_695' title='bbox 1692 4379 1722 4416; x_wconf 84' lang='lat' dir='ltr'><em>sa</em></span> 
     </span>
     <span class='ocr_line' id='line_1_51' title="bbox 60 4431 1722 4503; baseline -0.002 -12"><span class='ocrx_word' id='word_1_696' title='bbox 60 4437 212 4503; x_wconf 79' lang='lat' dir='ltr'><em>ejiceretur</em></span> <span class='ocrx_word' id='word_1_697' title='bbox 236 4431 376 4488; x_wconf 83' lang='lat' dir='ltr'><em>efl&#39;ossum.</em></span> <span class='ocrx_word' id='word_1_698' title='bbox 394 4432 472 4497; x_wconf 79' lang='lat' dir='ltr'><em>Quod</em></span> <span class='ocrx_word' id='word_1_699' title='bbox 488 4433 515 4486; x_wconf 90' lang='lat' dir='ltr'><em>in</em></span> <span class='ocrx_word' id='word_1_700' title='bbox 532 4434 656 4488; x_wconf 75' lang='lat' dir='ltr'><em>aeclesia</em></span> <span class='ocrx_word' id='word_1_701' title='bbox 671 4435 794 4490; x_wconf 92' lang='lat' dir='ltr'><em>nondum</em></span> <span class='ocrx_word' id='word_1_702' title='bbox 809 4442 969 4490; x_wconf 85' lang='lat' dir='ltr'><em>consecrata</em></span> <span class='ocrx_word' id='word_1_703' title='bbox 982 4441 1010 4488; x_wconf 90' lang='lat' dir='ltr'><em>et</em></span> <span class='ocrx_word' id='word_1_704' title='bbox 1029 4440 1103 4487; x_wconf 88' lang='lat' dir='ltr'><em>extra</em></span> <span class='ocrx_word' id='word_1_705' title='bbox 1120 4432 1216 4488; x_wconf 86' lang='lat' dir='ltr'><em>urbem</em></span> <span class='ocrx_word' id='word_1_706' title='bbox 1240 4433 1267 4486; x_wconf 92' lang='lat' dir='ltr'><em>in</em></span> <span class='ocrx_word' id='word_1_707' title='bbox 1287 4431 1414 4488; x_wconf 85' lang='lat' dir='ltr'><em>Cornelio</em></span> <span class='ocrx_word' id='word_1_708' title='bbox 1430 4437 1523 4486; x_wconf 86' lang='lat' dir='ltr'><em>monte</em></span> <span class='ocrx_word' id='word_1_709' title='bbox 1536 4438 1588 4485; x_wconf 84' lang='lat' dir='ltr'><em>sita</em></span> <span class='ocrx_word' id='word_1_710' title='bbox 1604 4432 1647 4487; x_wconf 81' lang='lat' dir='ltr'><em>ta.</em></span> <span class='ocrx_word' id='word_1_711' title='bbox 1686 4432 1722 4488; x_wconf 91' lang='lat' dir='ltr'><em>al.</em></span> 
     </span>
     <span class='ocr_line' id='line_1_52' title="bbox 61 4502 1723 4582; baseline -0.001 -23"><span class='ocrx_word' id='word_1_712' title='bbox 61 4509 137 4577; x_wconf 82' lang='lat' dir='ltr'><em>Sept.</em></span> <span class='ocrx_word' id='word_1_713' title='bbox 159 4504 322 4559; x_wconf 87' lang='lat' dir='ltr'><em>translatum</em></span> <span class='ocrx_word' id='word_1_714' title='bbox 341 4511 368 4558; x_wconf 86' lang='lat' dir='ltr'><em>et</em></span> <span class='ocrx_word' id='word_1_715' title='bbox 389 4503 560 4559; x_wconf 87' lang='lat' dir='ltr'><em>reconditum</em></span> <span class='ocrx_word' id='word_1_716' title='bbox 575 4512 626 4569; x_wconf 87' lang='lat' dir='ltr'><em>est,</em></span> <span class='ocrx_word' id='word_1_717' title='bbox 647 4504 828 4576; x_wconf 87' lang='lat' dir='ltr'><em>quoadusque</em></span> <span class='ocrx_word' id='word_1_718' title='bbox 843 4504 1019 4560; x_wconf 88' lang='lat' dir='ltr'><em>absolutione</em></span> <span class='ocrx_word' id='word_1_719' title='bbox 1030 4502 1181 4573; x_wconf 90' lang='lat' dir='ltr'><em>apostolica</em></span> <span class='ocrx_word' id='word_1_720' title='bbox 1195 4503 1297 4577; x_wconf 85' lang='lat' dir='ltr'><em>regiam</em></span> <span class='ocrx_word' id='word_1_721' title='bbox 1307 4503 1475 4573; x_wconf 90' lang='lat' dir='ltr'><em>sepulturam</em></span> <span class='ocrx_word' id='word_1_722' title='bbox 1490 4509 1651 4582; x_wconf 75' lang='lat' dir='ltr'><em>mereretur.</em></span> <span class='ocrx_word' id='word_1_723' title='bbox 1664 4502 1723 4558; x_wconf 85' lang='lat' dir='ltr'><em>lam</em></span> 
     </span>
     <span class='ocr_line' id='line_1_53' title="bbox 64 4572 1723 4652; baseline -0.001 -21"><span class='ocrx_word' id='word_1_724' title='bbox 64 4592 137 4633; x_wconf 82' lang='lat' dir='ltr'><em>trono</em></span> <span class='ocrx_word' id='word_1_725' title='bbox 154 4575 259 4631; x_wconf 91' lang='lat' dir='ltr'><em>abhinc</em></span> <span class='ocrx_word' id='word_1_726' title='bbox 274 4581 412 4630; x_wconf 89' lang='lat' dir='ltr'><em>transacto</em></span> <span class='ocrx_word' id='word_1_727' title='bbox 428 4575 472 4629; x_wconf 90' lang='lat' dir='ltr'><em>die</em></span> <span class='ocrx_word' id='word_1_728' title='bbox 486 4574 663 4629; x_wconf 88' lang='lat' dir='ltr'><em>venientibus</em></span> <span class='ocrx_word' id='word_1_729' title='bbox 678 4575 776 4648; x_wconf 82' lang='lat' dir='ltr'><em>legatis</em></span> <span class='ocrx_word' id='word_1_730' title='bbox 792 4576 838 4648; x_wconf 91' lang='lat' dir='ltr'><em>qui</em></span> <span class='ocrx_word' id='word_1_731' title='bbox 851 4592 914 4631; x_wconf 90' lang='lat' dir='ltr'><em>enm</em></span> <span class='ocrx_word' id='word_1_732' title='bbox 929 4575 1069 4630; x_wconf 82' lang='lat' dir='ltr'><em>deterrent</em></span> <span class='ocrx_word' id='word_1_733' title='bbox 1079 4574 1112 4628; x_wconf 90' lang='lat' dir='ltr'><em>ad</em></span> <span class='ocrx_word' id='word_1_734' title='bbox 1130 4572 1226 4637; x_wconf 83' lang='lat' dir='ltr'><em>filium,</em></span> <span class='ocrx_word' id='word_1_735' title='bbox 1244 4589 1338 4628; x_wconf 88' lang='lat' dir='ltr'><em>rursus</em></span> <span class='ocrx_word' id='word_1_736' title='bbox 1351 4572 1488 4628; x_wconf 83' lang='lat' dir='ltr'><em>effoditur.</em></span> <span class='ocrx_word' id='word_1_737' title='bbox 1503 4581 1531 4652; x_wconf 75' lang='lat' dir='ltr'><em>et</em></span> <span class='ocrx_word' id='word_1_738' title='bbox 1543 4573 1723 4631; x_wconf 83' lang='lat' dir='ltr'><em>immoderate</em></span> 
     </span>
     <span class='ocr_line' id='line_1_54' title="bbox 61 4643 1721 4724; baseline -0.002 -22"><span class='ocrx_word' id='word_1_739' title='bbox 61 4652 155 4702; x_wconf 85' lang='lat' dir='ltr'><em>lavore</em></span> <span class='ocrx_word' id='word_1_740' title='bbox 175 4646 366 4702; x_wconf 84' lang='lat' dir='ltr'><em>concurrentis</em></span> <span class='ocrx_word' id='word_1_741' title='bbox 383 4644 455 4719; x_wconf 79' lang='lat' dir='ltr'><em>vulgi</em></span> <span class='ocrx_word' id='word_1_742' title='bbox 469 4651 496 4699; x_wconf 89' lang='lat' dir='ltr'><em>et</em></span> <span class='ocrx_word' id='word_1_743' title='bbox 511 4645 645 4716; x_wconf 89' lang='lat' dir='ltr'><em>obsequio</em></span> <span class='ocrx_word' id='word_1_744' title='bbox 660 4645 688 4699; x_wconf 90' lang='lat' dir='ltr'><em>in</em></span> <span class='ocrx_word' id='word_1_745' title='bbox 708 4647 804 4701; x_wconf 89' lang='lat' dir='ltr'><em>urbem</em></span> <span class='ocrx_word' id='word_1_746' title='bbox 819 4648 931 4707; x_wconf 89' lang='lat' dir='ltr'><em>relatus.</em></span> <span class='ocrx_word' id='word_1_747' title='bbox 945 4646 1067 4702; x_wconf 80' lang='lat' dir='ltr'><em>eeclesiae</em></span> <span class='ocrx_word' id='word_1_748' title='bbox 1081 4659 1192 4716; x_wconf 90' lang='lat' dir='ltr'><em>quoque</em></span> <span class='ocrx_word' id='word_1_749' title='bbox 1210 4644 1297 4699; x_wconf 85' lang='lat' dir='ltr'><em>saneti</em></span> <span class='ocrx_word' id='word_1_750' title='bbox 1308 4644 1456 4710; x_wconf 86' lang='lat' dir='ltr'><em>Lamberti,</em></span> <span class='ocrx_word' id='word_1_751' title='bbox 1473 4643 1623 4724; x_wconf 78' lang='lat' dir='ltr'><em>obsistente</em></span> <span class='ocrx_word' id='word_1_752' title='bbox 1635 4646 1721 4702; x_wconf 91' lang='lat' dir='ltr'><em>clero.</em></span> 
     </span>
     <span class='ocr_line' id='line_1_55' title="bbox 63 4713 1725 4788; baseline -0.001 -15"><span class='ocrx_word' id='word_1_753' title='bbox 63 4720 163 4773; x_wconf 88' lang='lat' dir='ltr'><em>iterum</em></span> <span class='ocrx_word' id='word_1_754' title='bbox 180 4715 308 4773; x_wconf 80' lang='lat' dir='ltr'><em>insertur.</em></span> <span class='ocrx_word' id='word_1_755' title='bbox 319 4716 360 4772; x_wconf 91' lang='lat' dir='ltr'><em>lbi</em></span> <span class='ocrx_word' id='word_1_756' title='bbox 375 4727 440 4770; x_wconf 88' lang='lat' dir='ltr'><em>sunt</em></span> <span class='ocrx_word' id='word_1_757' title='bbox 452 4715 501 4769; x_wconf 90' lang='lat' dir='ltr'><em>eia</em></span> <span class='ocrx_word' id='word_1_758' title='bbox 516 4715 680 4786; x_wconf 80' lang='lat' dir='ltr'><em>quibusnam</em></span> <span class='ocrx_word' id='word_1_759' title='bbox 691 4718 861 4788; x_wconf 87' lang='lat' dir='ltr'><em>pauperibus</em></span> <span class='ocrx_word' id='word_1_760' title='bbox 869 4717 977 4773; x_wconf 88' lang='lat' dir='ltr'><em>clericis</em></span> <span class='ocrx_word' id='word_1_761' title='bbox 992 4717 1122 4771; x_wconf 88' lang='lat' dir='ltr'><em>mercede</em></span> <span class='ocrx_word' id='word_1_762' title='bbox 1131 4714 1276 4770; x_wconf 83' lang='lat' dir='ltr'><em>eoriductis</em></span> <span class='ocrx_word' id='word_1_763' title='bbox 1292 4715 1379 4770; x_wconf 92' lang='lat' dir='ltr'><em>noetis</em></span> <span class='ocrx_word' id='word_1_764' title='bbox 1395 4713 1584 4785; x_wconf 73' lang='lat' dir='ltr'><em>uniusvigvhae</em></span> <span class='ocrx_word' id='word_1_765' title='bbox 1600 4715 1725 4772; x_wconf 85' lang='lat' dir='ltr'><em>celebra-</em></span> 
     </span>
     <span class='ocr_line' id='line_1_56' title="bbox 61 4784 1722 4859; baseline 0 -16"><span class='ocrx_word' id='word_1_766' title='bbox 61 4798 107 4844; x_wconf 80' lang='lat' dir='ltr'><em>ta.</em></span> <span class='ocrx_word' id='word_1_767' title='bbox 128 4795 244 4843; x_wconf 84' lang='lat' dir='ltr'><em>vacante</em></span> <span class='ocrx_word' id='word_1_768' title='bbox 258 4804 274 4842; x_wconf 89' lang='lat' dir='ltr'><em>a</em></span> <span class='ocrx_word' id='word_1_769' title='bbox 287 4787 380 4842; x_wconf 92' lang='lat' dir='ltr'><em>divino</em></span> <span class='ocrx_word' id='word_1_770' title='bbox 395 4784 486 4841; x_wconf 80' lang='lat' dir='ltr'><em>officio</em></span> <span class='ocrx_word' id='word_1_771' title='bbox 501 4786 636 4841; x_wconf 73' lang='lat' dir='ltr'><em>aecclesia.</em></span> <span class='ocrx_word' id='word_1_772' title='bbox 652 4793 678 4841; x_wconf 90' lang='lat' dir='ltr'><em>et</em></span> <span class='ocrx_word' id='word_1_773' title='bbox 693 4786 835 4843; x_wconf 90' lang='lat' dir='ltr'><em>canonicis</em></span> <span class='ocrx_word' id='word_1_774' title='bbox 849 4805 864 4842; x_wconf 91' lang='lat' dir='ltr'><em>a</em></span> <span class='ocrx_word' id='word_1_775' title='bbox 880 4788 948 4843; x_wconf 88' lang='lat' dir='ltr'><em>lacie</em></span> <span class='ocrx_word' id='word_1_776' title='bbox 964 4786 1080 4843; x_wconf 86' lang='lat' dir='ltr'><em>inventis</em></span> <span class='ocrx_word' id='word_1_777' title='bbox 1096 4801 1131 4856; x_wconf 89' lang='lat' dir='ltr'><em>po</em></span> <span class='ocrx_word' id='word_1_778' title='bbox 1154 4785 1191 4840; x_wconf 90' lang='lat' dir='ltr'><em>nli</em></span> <span class='ocrx_word' id='word_1_779' title='bbox 1201 4785 1360 4840; x_wconf 88' lang='lat' dir='ltr'><em>latentibus.</em></span> <span class='ocrx_word' id='word_1_780' title='bbox 1376 4784 1486 4840; x_wconf 85' lang='lat' dir='ltr'><em>Postera</em></span> <span class='ocrx_word' id='word_1_781' title='bbox 1499 4786 1545 4840; x_wconf 88' lang='lat' dir='ltr'><em>die</em></span> <span class='ocrx_word' id='word_1_782' title='bbox 1558 4801 1619 4840; x_wconf 92' lang='lat' dir='ltr'><em>cum</em></span> <span class='ocrx_word' id='word_1_783' title='bbox 1635 4787 1722 4859; x_wconf 90' lang='lat' dir='ltr'><em>priori</em></span> 
     </span>
     <span class='ocr_line' id='line_1_57' title="bbox 61 4855 1725 4981; baseline 0 -67"><span class='ocrx_word' id='word_1_784' title='bbox 61 4860 211 4930; x_wconf 87' lang='lat' dir='ltr'><em>sepulchro</em></span> <span class='ocrx_word' id='word_1_785' title='bbox 224 4863 416 4929; x_wconf 85' lang='lat' dir='ltr'><em>perstrepente</em></span> <span class='ocrx_word' id='word_1_786' title='bbox 431 4874 495 4912; x_wconf 91' lang='lat' dir='ltr'><em>eum</em></span> <span class='ocrx_word' id='word_1_787' title='bbox 510 4855 613 4911; x_wconf 87' lang='lat' dir='ltr'><em>debere</em></span> <span class='ocrx_word' id='word_1_788' title='bbox 628 4859 745 4923; x_wconf 90' lang='lat' dir='ltr'><em>restitui,</em></span> <span class='ocrx_word' id='word_1_789' title='bbox 762 4866 789 4914; x_wconf 90' lang='lat' dir='ltr'><em>et</em></span> <span class='ocrx_word' id='word_1_790' title='bbox 803 4860 856 4914; x_wconf 87' lang='lat' dir='ltr'><em>hoe</em></span> <span class='ocrx_word' id='word_1_791' title='bbox 870 4859 923 4931; x_wconf 89' lang='lat' dir='ltr'><em>ipsi</em></span> <span class='ocrx_word' id='word_1_792' title='bbox 934 4858 1023 4914; x_wconf 90' lang='lat' dir='ltr'><em>lacere</em></span> <span class='ocrx_word' id='word_1_793' title='bbox 1039 4872 1122 4981; x_wconf 64' lang='lat' dir='ltr'><em>agqre</em></span> <span class='ocrx_word' id='word_1_794' title='bbox 1144 4864 1266 4911; x_wconf 83' lang='lat' dir='ltr'><em>arentur.</em></span> <span class='ocrx_word' id='word_1_795' title='bbox 1280 4856 1327 4927; x_wconf 93' lang='lat' dir='ltr'><em>qui</em></span> <span class='ocrx_word' id='word_1_796' title='bbox 1338 4872 1465 4936; x_wconf 27' lang='lat' dir='ltr'><em>analeum</em></span> <span class='ocrx_word' id='word_1_797' title='bbox 1475 4856 1609 4938; x_wconf 88' lang='lat' dir='ltr'><em>predictis</em></span> <span class='ocrx_word' id='word_1_798' title='bbox 1618 4874 1725 4931; x_wconf 90' lang='lat' dir='ltr'><em>paupe·</em></span> 
     </span>
     <span class='ocr_line' id='line_1_58' title="bbox 65 4926 1725 5005; baseline 0 -20"><span class='ocrx_word' id='word_1_799' title='bbox 65 4932 142 4986; x_wconf 84' lang='lat' dir='ltr'><em>ribus</em></span> <span class='ocrx_word' id='word_1_800' title='bbox 157 4929 268 4985; x_wconf 87' lang='lat' dir='ltr'><em>clericis</em></span> <span class='ocrx_word' id='word_1_801' title='bbox 283 4929 355 4984; x_wconf 87' lang='lat' dir='ltr'><em>eirca</em></span> <span class='ocrx_word' id='word_1_802' title='bbox 370 4943 471 4998; x_wconf 90' lang='lat' dir='ltr'><em>eorpus</em></span> <span class='ocrx_word' id='word_1_803' title='bbox 485 4934 623 4983; x_wconf 81' lang='lat' dir='ltr'><em>extractus</em></span> <span class='ocrx_word' id='word_1_804' title='bbox 641 4929 741 5001; x_wconf 81' lang='lat' dir='ltr'><em>gladiis</em></span> <span class='ocrx_word' id='word_1_805' title='bbox 755 4929 944 5005; x_wconf 79' lang='lat' dir='ltr'><em>vigilaverunt,</em></span> <span class='ocrx_word' id='word_1_806' title='bbox 959 4943 1074 5001; x_wconf 90' lang='lat' dir='ltr'><em>qnorum</em></span> <span class='ocrx_word' id='word_1_807' title='bbox 1097 4943 1141 4982; x_wconf 91' lang='lat' dir='ltr'><em>am</em></span> <span class='ocrx_word' id='word_1_808' title='bbox 1161 4926 1300 4981; x_wconf 87' lang='lat' dir='ltr'><em>seniorum</em></span> <span class='ocrx_word' id='word_1_809' title='bbox 1327 4927 1443 4982; x_wconf 81' lang='lat' dir='ltr'><em>consilio</em></span> <span class='ocrx_word' id='word_1_810' title='bbox 1456 4944 1499 4982; x_wconf 85' lang='lat' dir='ltr'><em>vix</em></span> <span class='ocrx_word' id='word_1_811' title='bbox 1520 4937 1668 4999; x_wconf 88' lang='lat' dir='ltr'><em>potnerunt</em></span> <span class='ocrx_word' id='word_1_812' title='bbox 1682 4945 1725 4985; x_wconf 88' lang='lat' dir='ltr'><em>re·</em></span> 
     </span>
     <span class='ocr_line' id='line_1_59' title="bbox 65 4997 1726 5071; baseline -0.001 -15"><span class='ocrx_word' id='word_1_813' title='bbox 65 5002 158 5070; x_wconf 89' lang='lat' dir='ltr'><em>primi.</em></span> <span class='ocrx_word' id='word_1_814' title='bbox 175 5000 242 5055; x_wconf 80' lang='lat' dir='ltr'><em>han</em></span> <span class='ocrx_word' id='word_1_815' title='bbox 259 5008 363 5054; x_wconf 88' lang='lat' dir='ltr'><em>tantum</em></span> <span class='ocrx_word' id='word_1_816' title='bbox 382 5004 538 5053; x_wconf 89' lang='lat' dir='ltr'><em>exarserant</em></span> <span class='ocrx_word' id='word_1_817' title='bbox 552 4999 579 5052; x_wconf 90' lang='lat' dir='ltr'><em>in</em></span> <span class='ocrx_word' id='word_1_818' title='bbox 593 4999 654 5066; x_wconf 86' lang='lat' dir='ltr'><em>ejus</em></span> <span class='ocrx_word' id='word_1_819' title='bbox 673 5000 883 5057; x_wconf 88' lang='lat' dir='ltr'><em>immoderatum</em></span> <span class='ocrx_word' id='word_1_820' title='bbox 905 5001 1036 5064; x_wconf 82' lang='lat' dir='ltr'><em>favorem,</em></span> <span class='ocrx_word' id='word_1_821' title='bbox 1064 5005 1094 5053; x_wconf 88' lang='lat' dir='ltr'><em>ut</em></span> <span class='ocrx_word' id='word_1_822' title='bbox 1113 5004 1249 5068; x_wconf 90' lang='lat' dir='ltr'><em>quotquot</em></span> <span class='ocrx_word' id='word_1_823' title='bbox 1272 4997 1346 5052; x_wconf 90' lang='lat' dir='ltr'><em>illius</em></span> <span class='ocrx_word' id='word_1_824' title='bbox 1366 4997 1523 5071; x_wconf 72' lang='lat' dir='ltr'><em>tetigissent</em></span> <span class='ocrx_word' id='word_1_825' title='bbox 1538 4997 1680 5061; x_wconf 84' lang='lat' dir='ltr'><em>feretrum,</em></span> <span class='ocrx_word' id='word_1_826' title='bbox 1695 5016 1726 5054; x_wconf 84' lang='lat' dir='ltr'><em>se</em></span> 
     </span>
     <span class='ocr_line' id='line_1_60' title="bbox 64 5068 1726 5194; baseline -0.001 -68"><span class='ocrx_word' id='word_1_827' title='bbox 64 5071 251 5130; x_wconf 80' lang='lat' dir='ltr'><em>sanctificatos</em></span> <span class='ocrx_word' id='word_1_828' title='bbox 270 5070 305 5124; x_wconf 90' lang='lat' dir='ltr'><em>ab</em></span> <span class='ocrx_word' id='word_1_829' title='bbox 320 5086 354 5126; x_wconf 86' lang='lat' dir='ltr'><em>ae</em></span> <span class='ocrx_word' id='word_1_830' title='bbox 369 5070 523 5125; x_wconf 88' lang='lat' dir='ltr'><em>crederent.</em></span> <span class='ocrx_word' id='word_1_831' title='bbox 535 5070 686 5125; x_wconf 78' lang='lat' dir='ltr'><em>llontrullis</em></span> <span class='ocrx_word' id='word_1_832' title='bbox 701 5072 783 5127; x_wconf 87' lang='lat' dir='ltr'><em>etiam</em></span> <span class='ocrx_word' id='word_1_833' title='bbox 800 5080 899 5127; x_wconf 85' lang='lat' dir='ltr'><em>terram</em></span> <span class='ocrx_word' id='word_1_834' title='bbox 914 5069 1055 5142; x_wconf 88' lang='lat' dir='ltr'><em>sepulchri</em></span> <span class='ocrx_word' id='word_1_835' title='bbox 1073 5068 1134 5136; x_wconf 85' lang='lat' dir='ltr'><em>ejus</em></span> <span class='ocrx_word' id='word_1_836' title='bbox 1152 5068 1262 5142; x_wconf 80' lang='lat' dir='ltr'><em>uirgulis</em></span> <span class='ocrx_word' id='word_1_837' title='bbox 1287 5069 1407 5194; x_wconf 68' lang='lat' dir='ltr'><em>propriis</em></span> <span class='ocrx_word' id='word_1_838' title='bbox 1420 5069 1618 5142; x_wconf 87' lang='lat' dir='ltr'><em>scalpentibus,</em></span> <span class='ocrx_word' id='word_1_839' title='bbox 1633 5077 1661 5124; x_wconf 95' lang='lat' dir='ltr'><em>et</em></span> <span class='ocrx_word' id='word_1_840' title='bbox 1675 5085 1726 5140; x_wconf 89' lang='lat' dir='ltr'><em>per</em></span> 
     </span>
     <span class='ocr_line' id='line_1_61' title="bbox 66 5138 1724 5219; baseline -0.003 -21"><span class='ocrx_word' id='word_1_841' title='bbox 66 5160 147 5219; x_wconf 72' lang='lat' dir='ltr'><em>agros</em></span> <span class='ocrx_word' id='word_1_842' title='bbox 159 5141 471 5212; x_wconf 88' lang='lat' dir='ltr'><em>suosdomosqnequasi</em></span> <span class='ocrx_word' id='word_1_843' title='bbox 487 5156 536 5210; x_wconf 89' lang='lat' dir='ltr'><em>pro</em></span> <span class='ocrx_word' id='word_1_844' title='bbox 552 5140 746 5198; x_wconf 89' lang='lat' dir='ltr'><em>benedictione</em></span> <span class='ocrx_word' id='word_1_845' title='bbox 762 5141 1017 5218; x_wconf 77' lang='lat' dir='ltr'><em>spargentibusnlii</em></span> <span class='ocrx_word' id='word_1_846' title='bbox 1030 5138 1168 5194; x_wconf 82' lang='lat' dir='ltr'><em>irunicnta</em></span> <span class='ocrx_word' id='word_1_847' title='bbox 1181 5147 1273 5195; x_wconf 90' lang='lat' dir='ltr'><em>vetera</em></span> <span class='ocrx_word' id='word_1_848' title='bbox 1299 5151 1390 5196; x_wconf 90' lang='lat' dir='ltr'><em>eretro</em></span> <span class='ocrx_word' id='word_1_849' title='bbox 1403 5140 1491 5212; x_wconf 91' lang='lat' dir='ltr'><em>ipsius</em></span> <span class='ocrx_word' id='word_1_850' title='bbox 1503 5139 1724 5218; x_wconf 75' lang='lat' dir='ltr'><em>snperJaeebant.</em></span> 
     </span>
     <span class='ocr_line' id='line_1_62' title="bbox 66 5209 1724 5284; baseline -0.002 -15"><span class='ocrx_word' id='word_1_851' title='bbox 66 5223 163 5271; x_wconf 88' lang='lat' dir='ltr'><em>ntuna</em></span> <span class='ocrx_word' id='word_1_852' title='bbox 175 5229 239 5269; x_wconf 90' lang='lat' dir='ltr'><em>cum</em></span> <span class='ocrx_word' id='word_1_853' title='bbox 253 5211 332 5268; x_wconf 86' lang='lat' dir='ltr'><em>novis</em></span> <span class='ocrx_word' id='word_1_854' title='bbox 347 5211 468 5266; x_wconf 81' lang='lat' dir='ltr'><em>immixta</em></span> <span class='ocrx_word' id='word_1_855' title='bbox 484 5211 676 5278; x_wconf 87' lang='lat' dir='ltr'><em>illasererent,</em></span> <span class='ocrx_word' id='word_1_856' title='bbox 691 5215 839 5284; x_wconf 89' lang='lat' dir='ltr'><em>sperabant</em></span> <span class='ocrx_word' id='word_1_857' title='bbox 853 5214 926 5270; x_wconf 86' lang='lat' dir='ltr'><em>enirn</em></span> <span class='ocrx_word' id='word_1_858' title='bbox 944 5213 1035 5268; x_wconf 89' lang='lat' dir='ltr'><em>taliter</em></span> <span class='ocrx_word' id='word_1_859' title='bbox 1061 5210 1179 5265; x_wconf 83' lang='lat' dir='ltr'><em>lentilem</em></span> <span class='ocrx_word' id='word_1_860' title='bbox 1195 5210 1249 5266; x_wconf 90' lang='lat' dir='ltr'><em>sibi</em></span> <span class='ocrx_word' id='word_1_861' title='bbox 1266 5228 1383 5268; x_wconf 88' lang='lat' dir='ltr'><em>messem</em></span> <span class='ocrx_word' id='word_1_862' title='bbox 1400 5211 1578 5282; x_wconf 82' lang='lat' dir='ltr'><em>profuturam.</em></span> <span class='ocrx_word' id='word_1_863' title='bbox 1594 5209 1641 5263; x_wconf 81' lang='lat' dir='ltr'><em>Vix</em></span> <span class='ocrx_word' id='word_1_864' title='bbox 1660 5219 1724 5265; x_wconf 88' lang='lat' dir='ltr'><em>tan-</em></span> 
     </span>
     <span class='ocr_line' id='line_1_63' title="bbox 66 5278 1725 5356; baseline -0.002 -16"><span class='ocrx_word' id='word_1_865' title='bbox 66 5287 127 5341; x_wconf 89' lang='lat' dir='ltr'><em>dem</em></span> <span class='ocrx_word' id='word_1_866' title='bbox 143 5283 270 5340; x_wconf 88' lang='lat' dir='ltr'><em>redditus</em></span> <span class='ocrx_word' id='word_1_867' title='bbox 285 5282 384 5356; x_wconf 82' lang='lat' dir='ltr'><em>legatis</em></span> <span class='ocrx_word' id='word_1_868' title='bbox 400 5298 455 5337; x_wconf 91' lang='lat' dir='ltr'><em>non</em></span> <span class='ocrx_word' id='word_1_869' title='bbox 470 5282 530 5336; x_wconf 90' lang='lat' dir='ltr'><em>sine</em></span> <span class='ocrx_word' id='word_1_870' title='bbox 544 5281 639 5338; x_wconf 91' lang='lat' dir='ltr'><em>dolore</em></span> <span class='ocrx_word' id='word_1_871' title='bbox 656 5291 685 5337; x_wconf 88' lang='lat' dir='ltr'><em>et</em></span> <span class='ocrx_word' id='word_1_872' title='bbox 700 5285 917 5340; x_wconf 86' lang='lat' dir='ltr'><em>contradictione</em></span> <span class='ocrx_word' id='word_1_873' title='bbox 933 5284 1040 5355; x_wconf 86' lang='lat' dir='ltr'><em>populi,</em></span> <span class='ocrx_word' id='word_1_874' title='bbox 1054 5281 1211 5337; x_wconf 89' lang='lat' dir='ltr'><em>clamabant</em></span> <span class='ocrx_word' id='word_1_875' title='bbox 1231 5282 1305 5337; x_wconf 92' lang='lat' dir='ltr'><em>enim</em></span> <span class='ocrx_word' id='word_1_876' title='bbox 1322 5283 1382 5350; x_wconf 87' lang='lat' dir='ltr'><em>ejns</em></span> <span class='ocrx_word' id='word_1_877' title='bbox 1398 5281 1549 5336; x_wconf 88' lang='lat' dir='ltr'><em>absentiam</em></span> <span class='ocrx_word' id='word_1_878' title='bbox 1570 5278 1725 5349; x_wconf 80' lang='lat' dir='ltr'><em>perieulum</em></span> 
     </span>
     <span class='ocr_line' id='line_1_64' title="bbox 67 5351 1727 5427; baseline -0.002 -16"><span class='ocrx_word' id='word_1_879' title='bbox 67 5364 93 5412; x_wconf 91' lang='lat' dir='ltr'><em>et</em></span> <span class='ocrx_word' id='word_1_880' title='bbox 105 5355 309 5412; x_wconf 88' lang='lat' dir='ltr'><em>desolationem</em></span> <span class='ocrx_word' id='word_1_881' title='bbox 325 5354 384 5409; x_wconf 88' lang='lat' dir='ltr'><em>iore</em></span> <span class='ocrx_word' id='word_1_882' title='bbox 398 5352 524 5419; x_wconf 89' lang='lat' dir='ltr'><em>civitatis,</em></span> <span class='ocrx_word' id='word_1_883' title='bbox 540 5353 574 5406; x_wconf 91' lang='lat' dir='ltr'><em>ad</em></span> <span class='ocrx_word' id='word_1_884' title='bbox 590 5351 676 5407; x_wconf 86' lang='lat' dir='ltr'><em>lilium</em></span> <span class='ocrx_word' id='word_1_885' title='bbox 687 5353 820 5410; x_wconf 83' lang='lat' dir='ltr'><em>delectur.</em></span> <span class='ocrx_word' id='word_1_886' title='bbox 837 5356 925 5427; x_wconf 80' lang='lat' dir='ltr'><em>Spirae</em></span> <span class='ocrx_word' id='word_1_887' title='bbox 941 5365 970 5410; x_wconf 91' lang='lat' dir='ltr'><em>ut</em></span> <span class='ocrx_word' id='word_1_888' title='bbox 982 5353 1100 5426; x_wconf 88' lang='lat' dir='ltr'><em>petierat</em></span> <span class='ocrx_word' id='word_1_889' title='bbox 1114 5353 1301 5424; x_wconf 85' lang='lat' dir='ltr'><em>sepeliendus.</em></span> <span class='ocrx_word' id='word_1_890' title='bbox 1327 5353 1385 5408; x_wconf 81' lang='lat' dir='ltr'><em>ltux</em></span> <span class='ocrx_word' id='word_1_891' title='bbox 1410 5357 1458 5406; x_wconf 89' lang='lat' dir='ltr'><em>etc.</em></span> <span class='ocrx_word' id='word_1_892' title='bbox 1482 5353 1620 5409; x_wconf 84' lang='lat' dir='ltr'><em>Nescimus</em></span> <span class='ocrx_word' id='word_1_893' title='bbox 1635 5355 1727 5408; x_wconf 83' lang='lat' dir='ltr'><em>utrum</em></span> 
     </span>
     <span class='ocr_line' id='line_1_65' title="bbox 69 5421 1728 5531; baseline 0 -50"><span class='ocrx_word' id='word_1_894' title='bbox 69 5428 122 5483; x_wconf 80' lang='lat' dir='ltr'><em>hec</em></span> <span class='ocrx_word' id='word_1_895' title='bbox 136 5443 155 5482; x_wconf 88' lang='lat' dir='ltr'><em>c</em></span> <span class='ocrx_word' id='word_1_896' title='bbox 168 5426 307 5494; x_wconf 81' lang='lat' dir='ltr'><em>Sipeberto</em></span> <span class='ocrx_word' id='word_1_897' title='bbox 313 5427 436 5531; x_wconf 49' lang='lat' dir='ltr'><em>mimum</em></span> <span class='ocrx_word' id='word_1_898' title='bbox 450 5426 491 5479; x_wconf 86' lang='lat' dir='ltr'><em>ite</em></span> <span class='ocrx_word' id='word_1_899' title='bbox 502 5423 575 5478; x_wconf 86' lang='lat' dir='ltr'><em>edite</em></span> <span class='ocrx_word' id='word_1_900' title='bbox 593 5426 702 5491; x_wconf 75' lang='lat' dir='ltr'><em>fuerent</em></span> <span class='ocrx_word' id='word_1_901' title='bbox 715 5430 740 5480; x_wconf 87' lang='lat' dir='ltr'><em>et</em></span> <span class='ocrx_word' id='word_1_902' title='bbox 751 5428 921 5495; x_wconf 84' lang='lat' dir='ltr'><em>postmodum</em></span> <span class='ocrx_word' id='word_1_903' title='bbox 933 5439 1087 5497; x_wconf 78' lang='lat' dir='ltr'><em>supprmse,</em></span> <span class='ocrx_word' id='word_1_904' title='bbox 1098 5440 1135 5480; x_wconf 82' lang='lat' dir='ltr'><em>nrt</em></span> <span class='ocrx_word' id='word_1_905' title='bbox 1146 5440 1197 5496; x_wconf 90' lang='lat' dir='ltr'><em>pro</em></span> <span class='ocrx_word' id='word_1_906' title='bbox 1210 5423 1397 5480; x_wconf 84' lang='lat' dir='ltr'><em>additamento</em></span> <span class='ocrx_word' id='word_1_907' title='bbox 1407 5424 1532 5478; x_wconf 86' lang='lat' dir='ltr'><em>monachi</em></span> <span class='ocrx_word' id='word_1_908' title='bbox 1548 5421 1728 5481; x_wconf 73' lang='lat' dir='ltr'><em>virdunensis</em></span> 
     </span>
    </p>
   </div>
   <div class='ocr_carea' id='block_1_18' title="bbox 67 5495 961 5624">
    <p class='ocr_par' dir='ltr' id='par_1_19' title="bbox 67 5495 961 5624">
     <span class='ocr_line' id='line_1_66' title="bbox 67 5495 519 5554; baseline -0.011 0"><span class='ocrx_word' id='word_1_909' title='bbox 67 5501 120 5554; x_wconf 82' lang='lat' dir='ltr'><em>rint</em></span> <span class='ocrx_word' id='word_1_910' title='bbox 133 5495 272 5554; x_wconf 78' lang='lat' dir='ltr'><em>memte.</em></span> <span class='ocrx_word' id='word_1_911' title='bbox 361 5497 403 5551; x_wconf 86' lang='lat' dir='ltr'><em>tte</em></span> <span class='ocrx_word' id='word_1_912' title='bbox 421 5510 519 5552; x_wconf 84' lang='lat' dir='ltr'><em>omues.</em></span> 
     </span>
     <span class='ocr_line' id='line_1_67' title="bbox 856 5566 961 5624; baseline -0.01 -2"><span class='ocrx_word' id='word_1_913' title='bbox 856 5566 961 5624; x_wconf 80' lang='lat' dir='ltr'><em>NOTAE.</em></span> 
     </span>
    </p>
   </div>
   <div class='ocr_carea' id='block_1_19' title="bbox 102 5634 707 5799">
    <p class='ocr_par' dir='ltr' id='par_1_20' title="bbox 102 5634 707 5799">
     <span class='ocr_line' id='line_1_68' title="bbox 102 5634 707 5712; baseline -0.005 -19"><span class='ocrx_word' id='word_1_914' title='bbox 102 5639 177 5712; x_wconf 70' lang='lat' dir='ltr'><em>(sta)</em></span> <span class='ocrx_word' id='word_1_915' title='bbox 186 5637 265 5695; x_wconf 77' lang='lat' dir='ltr'><em>Vicat</em></span> <span class='ocrx_word' id='word_1_916' title='bbox 278 5635 351 5692; x_wconf 85' lang='lat' dir='ltr'><em>inter</em></span> <span class='ocrx_word' id='word_1_917' title='bbox 363 5634 496 5694; x_wconf 79' lang='lat' dir='ltr'><em>leodium</em></span> <span class='ocrx_word' id='word_1_918' title='bbox 506 5643 535 5694; x_wconf 86' lang='lat' dir='ltr'><em>et</em></span> <span class='ocrx_word' id='word_1_919' title='bbox 544 5634 707 5705; x_wconf 79' lang='lat' dir='ltr'><em>trajectum.</em></span> 
     </span>
     <span class='ocr_line' id='line_1_69' title="bbox 232 5732 494 5799; baseline -0.004 -2"><span class='ocrx_word' id='word_1_920' title='bbox 232 5732 373 5799; x_wconf 73' lang='lat' dir='ltr'><em>Parnon.</em></span> <span class='ocrx_word' id='word_1_921' title='bbox 398 5733 494 5799; x_wconf 87' lang='lat' dir='ltr'><em>CLX.</em></span> 
     </span>
    </p>
   </div>
   <div class='ocr_carea' id='block_1_20' title="bbox 0 0 1864 6014">
    <p class='ocr_par' dir='ltr' id='par_1_21' title="bbox 0 0 1864 6014">
     <span class='ocr_line' id='line_1_70' title="bbox 0 0 1864 6014; baseline 0 3"><span class='ocrx_word' id='word_1_922' title='bbox 0 0 1864 6014; x_wconf 95' lang='lat' dir='ltr'><em> </em></span> 
     </span>
    </p>
   </div>
  </div>
 </body>
</html>
