3720 6014
46 255 118 311 1229
627 247 796 304 nlntcbtn
817 244 931 302 suncti
951 244 1135 303 Bennblctl
1643 251 1711 309 1230

45 385 106 441 loci.
125 382 209 440 Porro
227 380 372 456 grabatum
394 378 470 434 illius
488 377 517 432 in
540 377 609 433 turri
631 376 733 451 lignea,
756 375 782 430 in
799 389 855 447 qua
867 377 893 445 Α
905 372 953 445 qui
973 371 1114 442 precibus,
1130 370 1185 425 nisi
1199 369 1308 442 aliquos
1328 368 1452 425 fidelium
1467 368 1555 440 ipsius
1570 371 1712 431 internun-

45 472 207 544 depeudent
221 469 311 544 signa,
332 467 546 538 suspenderunt.
576 464 624 520 ubi
648 482 698 537 per
717 466 799 539 longa
825 463 854 518 in
907 465 1092 532 tiosbaberet,
1104 464 1151 536 qui
1167 480 1244 520 snam
1255 463 1419 535 petitionem
1430 464 1572 536 acceptius
1586 483 1712 539 praesen·

45 567 255 617 monumentum
272 557 337 613 tanti
354 555 473 629 prodigii
490 555 623 627 pependit
639 561 773 624 tempora·
906 564 1005 623 tarent,
1022 555 1185 611 circumibat
1203 555 1351 610 multorum
1369 555 1517 611 memorias
1538 565 1709 626 sanctorum,

82 646 563 707 va.llLl.-Mutouoercdditu.
581 645 639 700 llio
659 650 855 716 quoquetom·
906 655 935 703 et
962 660 1033 718 quos
1065 644 1278 716 propinquiores
1301 644 1354 716 ipsi
1382 643 1566 714 omnipotenti
1593 647 1711 704 Domino

47 760 114 817 pore
129 742 240 815 quidam
253 740 377 810 juvenis,
393 738 441 810 qui
468 754 518 809 per
545 738 660 793 multum
676 745 785 806 tempus
799 735 854 789 lin·
905 734 1069 791 clarioribus
1095 733 1155 789 iore
1180 733 1307 790 audierat
1336 733 1453 801 meritis,
1479 735 1627 792 advocatos
1656 737 1710 792 sibi

46 853 107 913 guae
122 836 252 891 amiserat
267 832 401 899 officium,
421 846 589 902 permanens
612 834 703 884 mutus
726 827 855 883 Patricia*
905 828 1077 896 adsciscens,
1104 827 1228 883 erebrius
1247 827 1412 883 nominatim
1436 828 1493 884 suis
1518 830 1712 902 interpellabat

45 945 107 985 eum
136 927 258 994 advenit,
282 924 399 994 cupiens
418 923 475 979 oris
489 921 582 978 soluto
606 922 727 986 vinculo,
752 920 855 992 liuguae
905 922 1156 980 obsecrationibus.
1178 922 1308 978 Pluribus
1323 922 1407 997 igitur
1424 925 1547 980 excursis
1563 925 1640 993 locis,
1660 929 1711 983 sed

46 1037 103 1075 sura
116 1018 260 1090 plectrum,
273 1016 403 1071 amissum
420 1029 562 1070 rosumere
576 1011 698 1069 officium
736 1012 784 1067 llic
801 1028 856 1092 una
904 1010 1019 1066 minime
1040 1012 1129 1084 {quem
1151 1017 1339 1082 exoptaverat,
1353 1012 1531 1070 miseratione
1554 1022 1710 1072 sanctorum

45 1108 164 1173 dicrum,
190 1106 254 1160 dum
275 1104 383 1170 iratres,
406 1105 474 1159 bora
497 1101 632 1157 invitante
648 1116 732 1168 nona,
749 1100 854 1171 persol·
905 1119 975 1175 quos
994 1104 1157 1175 expetierat,
1178 1103 1313 1178 fulgorem
1326 1103 1469 1160 oculorum
1484 1105 1599 1173 lucrata,
1615 1108 1713 1164 adiens

45 1206 142 1255 vereat
170 1194 355 1266 omnipotenti
388 1193 506 1249 Domino
531 1190 698 1263 psalmorum
724 1205 854 1262 pensum,
906 1194 1095 1259 Patriciaeum,
1119 1195 1198 1266 petiit
1213 1195 1320 1250 Patrem
1344 1201 1478 1260 sanetum,
1504 1214 1587 1269 quern
1616 1199 1712 1256 auditu

46 1289 133 1346 adluit
148 1289 220 1344 inter
243 1303 291 1343 eos
310 1287 339 1341 in
354 1285 440 1342 choro
455 1284 510 1339 illis
529 1283 726 1355 psallentibus;
752 1298 768 1337 a
790 1281 855 1353 qui·
904 1298 1074 1365 cognoverat
1092 1290 1235 1346 clarificari
1252 1291 1412 1348 assiduitate
1437 1292 1641 1350 miraculorum.
1659 1295 1712 1351 Cn·

46 1385 99 1441 bus
113 1385 148 1440 ad
162 1400 234 1439 aram
255 1398 345 1455 nsque
361 1381 409 1437 liei
425 1380 571 1437 Genitricis
592 1379 754 1452 perductus,
770 1378 857 1434 astitit
903 1383 949 1453 Jus
964 1398 1118 1454 exposcens
1133 1383 1331 1454 patrocinium,
1354 1384 1425 1441 dnm
1442 1384 1471 1440 in
1496 1387 1556 1456 eius
1575 1388 1715 1445 assisteret

45 1491 148 1532 coram·
178 1472 306 1529 Funditus
332 1472 426 1544 litque
444 1470 576 1527 alicubus
600 1469 695 1537 corde,
724 1468 856 1540 <tumbam
906 1475 1039 1543 oratorio,
1054 1475 1250 1548 interpellabat
1262 1476 1353 1547 ipsum
1368 1477 1452 1534 eorde
1467 1479 1567 1536 devoto
1576 1486 1714 1552 quatenus

46 1564 204 1620 nullatenus
223 1568 331 1635 poterat
357 1578 416 1626 ore,
442 1577 555 1633 precum
584 1575 695 1616 auarum
722 1557 856 1614 Salvatorl
906 1563 967 1633 eius
992 1563 1149 1619 interventu
1171 1564 1317 1621 reaccendi
1337 1573 1512 1623 mererentur
1536 1569 1716 1641 luminaepus

45 1654 246 1719 Domliwvola,
275 1652 440 1724 precabatur
467 1650 520 1706 Sibi
550 1647 677 1705 misereri
703 1646 857 1719 peribitis
906 1655 1141 1713 muuerediviuo.
1160 1656 1287 1713 Pulsatus
1308 1659 1522 1730 ergollominus
1539 1662 1716 1733 omnipotens

48 1746 191 1803 Benedicti
209 1745 318 1811 merita,
344 1743 468 1818 allegans
491 1742 544 1814 ipsi
570 1739 686 1797 Domino
701 1755 778 1795 suam
794 1754 856 1794 ora·
908 1745 998 1817 ipsius
1039 1745 1125 1802 Patris
1161 1746 1292 1818 precibus
1330 1749 1470 1806 exaudivit
1499 1752 1714 1822 postulationem

47 1836 151 1892 tionem
172 1851 222 1907 per
235 1835 363 1890 eumdem
383 1833 503 1903 Patrem,
526 1847 608 1904 quern
634 1828 782 1901 exoptabat
796 1826 856 1883 sreri
907 1835 1095 1907 pauperculae,
1123 1835 1280 1892 aeeendene
1305 1837 1366 1906 ejus
1384 1839 1505 1910 pupillas
1523 1840 1647 1898 redivivo
1671 1841 1715 1897 ιη.

48 1944 98 2001 pro
125 1943 155 1984 se
183 1927 407 1993 intercessorem,
430 1925 510 1994 euius
533 1940 616 1996 quam
638 1921 772 1978 altissime
792 1936 858 1992 per·
907 1926 994 1994 mine,
1015 1925 1193 1998 expulsisque
1214 1925 1347 1982 cecitatis
1372 1926 1489 1995 umbris,
1505 1929 1643 1987 concessit
1659 1930 1715 1986 sibi

47 2016 137 2074 300330
150 2013 527 2089 00000500000003100000000
541 2027 634 2083 οΡ000·
648 2009 857 2083 Deniqueiliu·
909 2020 1010 2077 intueri
1033 2020 1106 2076 clare
1136 2018 1272 2094 fulgorem
1294 2020 1431 2076 rutilantis
1453 2020 1559 2078 Phoebi.
1577 2021 1642 2087 Quae
1658 2023 1713 2079 im-

48 2110 112 2165 stris
126 2108 182 2167 oria
195 2108 255 2180 ejus
269 2106 423 2179 patefactis,
437 2110 572 2161 attentare
587 2102 672 2175 coepit
687 2102 749 2173 ejus
764 2102 859 2174 lingua
908 2111 1023 2182 pensius
1037 2108 1187 2165 exhilarata
1203 2109 1238 2164 de
1252 2109 1304 2164 sibi
1321 2109 1455 2166 restitutis
1472 2110 1627 2180 obtutibus,
1642 2112 1716 2168 baud
1795 2098 1799 2103 ’

48 2220 98 2276 per
109 2202 199 2259 llexus
208 2202 301 2258 varios
315 2200 479 2276 recolligere
490 2198 637 2271 perplexos
652 2196 785 2269 loquendi
796 2210 858 2251 mo·
908 2200 988 2257 lacile
1002 2207 1046 2257 est
1071 2201 1218 2272 explanare
1237 2206 1340 2273 quanta
1355 2201 1440 2258 animi
1464 2202 1605 2259 alacritate
1621 2219 1713 2260 rerum

49 2295 111 2361 uns,
139 2301 167 2350 er
193 2290 427 2364 vuaediutissime
449 2289 477 2344 in
497 2287 622 2344 uenarum
640 2285 859 2358 sepulcroram
908 2294 1032 2350 omniun
1065 2292 1204 2349 enantion
1237 2293 1333 2349 tannes
1354 2292 1515 2350 tenuanda
1539 2294 1715 2367 personari.

50 2389 178 2440 00100303
197 2384 332 2455 13000030,
363 2379 486 2438 00000000
511 2393 640 2435 30000000
660 2376 739 2449 qnasi
767 2374 858 2447 pullu·
909 2383 997 2440 Patris
1013 2392 1104 2439 autem
1120 2382 1281 2451 benedicto,
1297 2398 1348 2454 per
1366 2398 1447 2454 quern
1465 2388 1539 2438 tauta
1555 2400 1717 2456 promerue-

50 2476 137 2532 lantia
164 2475 283 2547 primum
312 2472 448 2548 germina,
468 2471 556 2543 prima
582 2468 667 2525 verba
692 2466 859 2541 proiciendo
910 2484 952 2533 rat
966 2474 1114 2544 beneficia,
1130 2473 1230 2532 diebus
1242 2475 1306 2532 vite
1321 2491 1377 2533 sun
1388 2476 1520 2534 omnibns
1529 2479 1634 2537 exstitit
1648 2478 1717 2535 lide·

52 2566 229 2640 personabat.
247 2566 369 2622 incertus
384 2563 429 2619 bio
440 2562 572 2618 nimirum
588 2560 694 2632 aliquot
711 2558 860 2615 momentis
910 2567 945 2623 lis
961 2567 1073 2624 famula,
1142 2630 1145 2636 ι

53 2659 159 2716 exstitit
173 2665 265 2715 utrum
280 2671 397 2712 munere
417 2654 470 2710 sibi
495 2653 655 2726 nuperrime
681 2650 862 2708 attributoli·
949 2655 1114 2712 eanxtttt.
1143 2687 1176 2696 -
1191 2658 1288 2714 Mentis
1309 2661 1387 2729 inops
1414 2665 1534 2716 curatas.
1564 2662 1634 2718 Vina
1660 2663 1720 2719 lotoe

53 2749 195 2808 ceretlrni
216 2746 518 2817 assiduo,donecipsa
538 2744 709 2816 experientia
728 2742 863 2799 addidicit
913 2753 1046 2823 reliquie.
1077 2750 1192 2815 Quidam
1222 2751 1378 2818 nobilium,
1404 2752 1556 2810 Gaulredns
1581 2755 1720 2824 nomine,
1765 2799 1767 2803 .

55 2858 116 2898 3030
142 2840 264 2914 2000Ῑοοῐ0
288 2855 368 2895 usum
392 2837 509 2910 loquelae
529 2836 677 2909 0000100330·
698 2834 865 2907 Tripodians
915 2853 1072 2918 praepotens
1084 2846 1134 2914 vir,
1156 2845 1286 2901 domiuus
1302 2847 1385 2902 castri
1400 2848 1474 2919 qnod
1490 2849 1655 2908 Siuemurua
1667 2851 1723 2924 (32)

55 2939 148 2987 autern
164 2931 199 2986 dc
221 2936 275 2985 tam
292 2929 367 3001 large
381 2927 410 2982 in
436 2943 465 2982 se
482 2933 594 2982 ostensa
623 2924 709 2981 Patris
723 2921 865 2979 Benedicti
915 2942 1037 3002 matur,
1055 2935 1140 2990 nimia
1157 2935 1255 3006 cappis
1274 2935 1433 2992 infirmate
1447 2953 1607 3010 oppressus,
1620 2941 1723 2997 mentis

60 3023 261 3093 munificentia,
278 3023 408 3078 talionem
429 3037 512 3093 quem
531 3021 616 3077 valuit
635 3024 774 3095 gratanter
788 3017 865 3074 retri-
920 3026 1001 3096 inops
1014 3022 1138 3091 effectus,
1163 3030 1247 3080 totam
1262 3022 1386 3081 funditus
1404 3026 1525 3098 perdidit
1548 3029 1720 3085 memoriam.

58 3116 142 3171 buere
156 3113 272 3168 minime
287 3109 402 3167 distulit·
419 3110 696 3182 Quipppecorrnerat
707 3124 771 3179 Piis
782 3105 869 3162 maii·
921 3114 998 3172 Unde
1023 3114 1115 3171 omnis
1129 3114 1190 3184 ojus
1204 3115 1343 3184 clientela,
1364 3117 1469 3189 quaein
1494 3117 1630 3190 obsequio
1652 3119 1726 3177 illius

58 3219 103 3259 ¹¹¹³
123 3201 272 3259 lessiuillssli
286 3199 402 3271 lipldeae
417 3198 504 3269 003003
516 3197 642 3253 000103ῑο
658 3212 674 3251 3
689 3203 767 3267 parii
788 3194 869 3268 aqui·
919 3221 974 3262 nou
996 3220 1083 3276 pauca
1109 3204 1294 3276 deserviebat,
1316 3213 1408 3261 mente
1439 3212 1614 3263 consternata
1641 3224 1727 3280 snper
1765 3256 1772 3266 .

59 3293 251 3365 tonali,eujus
268 3290 461 3359 fundamenti),
493 3289 625 3361 (10003000
651 3288 744 3344 minus
761 3285 870 3344 ¹¹⁰b⁰ii⁸
920 3315 971 3356 suo
990 3299 1115 3366 domino,
1133 3299 1279 3370 questibus
1300 3307 1328 3355 et
1345 3300 1474 3357 lamentis
1492 3318 1591 3375 expers
1605 3304 1727 3374 consilii,

62 3385 207 3450 babuerat,
229 3382 339 3455 penitus
355 3387 443 3448 eruto,
460 3388 621 3436 construere
637 3378 745 3435 firmius
760 3377 867 3441 fratres,
921 3403 1031 3447 omnem
1040 3403 1116 3444 suam
1131 3387 1311 3459 impendebat
1321 3403 1444 3461 operam.
1462 3390 1569 3464 Quique
1582 3393 1728 3451 altamira
1755 3426 1759 3433 .

62 3485 92 3535 ut
115 3477 211 3533 eadem
227 3475 336 3531 testudo
351 3472 502 3530 robustiori
521 3471 697 3544 superposita
720 3468 873 3526 laudamini
925 3478 1057 3545 illustres,
1073 3475 1121 3548 qui
1143 3492 1193 3532 sen
1212 3475 1359 3544 affinitate,
1379 3493 1430 3534 seu
1451 3480 1582 3548 amicitia,
1606 3498 1656 3538 seu
1682 3482 1731 3540 be·

65 3566 170 3623 firmior
199 3564 279 3630 Ῑῡῐθῑ,
306 3562 494 3617 3130ῑο000000·
524 3561 552 3616 ¹¹¹
580 3561 660 3630 cujus
685 3558 795 3616 {edificii
811 3574 876 3616 0⁰¹1·
926 3568 1097 3626 neliciosibi
1119 3567 1242 3638 adiuncti
1265 3568 1440 3635 videbantur,
1471 3572 1622 3643 superbae
1641 3573 1731 3645 ipsius

65 3658 217 3715 structione
233 3656 307 3711 idem
320 3653 432 3723 juvenis
445 3660 576 3710 strenuus
589 3652 703 3710 sedulus
716 3667 877 3724 persevera·
928 3660 1082 3718 infortunio
1109 3660 1188 3716 valde
1204 3659 1311 3728 aspicit,
1336 3676 1391 3717 120„
1406 3662 1521 3718 minima
1536 3663 1734 3720 detinebamur

65 3749 104 3805 ili
122 3743 420 3818 ⁰l¹0i⁸ili¹⁸2ili¹³¹¹dl¹¹
440 3742 474 3798 00
499 3744 877 3814 010000000300001000000·
929 3753 1021 3811 cordis
1043 3753 1181 3828 angustia.
1218 3752 1363 3809 Communi
1389 3753 1473 3828 igitur
1505 3756 1622 3813 consilio
1651 3757 1733 3826 inito,

66 3840 132 3895 Nam
147 3836 324 3908 postmodnm
339 3834 487 3908 gratiarnm
508 3834 617 3891 actione
633 3834 706 3890 Patri
729 3833 877 3890 Benedicta
927 3848 1081 3898 statuerunt
1106 3840 1210 3896 debere
1231 3857 1295 3897 eum
1317 3841 1438 3899 invisere
1460 3844 1660 3915 praecppuomm
1675 3861 1736 3901 mg.

69 3925 177 3985 ieddlli
207 3932 234 3981 0¹
260 3923 425 3979 alratribus
449 3922 561 3980 lliesslli
585 3931 710 3994 accepta,
736 3918 879 3995 repedavit
931 3930 1033 3987 morias
1051 3936 1219 3995 sauctorum,
1248 3932 1365 4002 apostoli
1389 3931 1519 3989 videlicet
1534 3933 1607 3990 Petri
1626 3935 1654 3990 in
1674 3934 1737 3991 Cla-

70 4036 158 4078 ovans
170 4020 204 4077 ad
221 4018 342 4091 propria.
933 4023 1014 4079 niaco
1029 4020 1166 4087 coenobio,
1183 4019 1256 4077 beati
1270 4021 1392 4079 Filiberti
1414 4024 1488 4094 apud
1501 4024 1657 4082 Turnacum
1669 4024 1736 4097 (33),

108 4111 170 4167 Cti-
187 4110 266 4166 Xbll·
280 4139 315 4149 -
332 4109 413 4165 Coetoe
431 4109 482 4164 lux
498 4107 618 4163 reddidit·
637 4106 766 4172 Quaediiffl
780 4104 881 4178 puella,
934 4125 963 4175 et
995 4116 1111 4174 aliorum
1133 4123 1302 4186 sanctorum,
1330 4132 1447 4190 quorum
1474 4119 1588 4176 nomina
1606 4119 1738 4176 latissime
1762 4122 1765 4127 '

73 4206 199 4262 lrabitum
218 4204 371 4277 privatione
384 4201 560 4269 excludente,
576 4201 681 4258 orbatis
696 4201 823 4272 utrisque
840 4199 884 4255 lu·
933 4207 1104 4281 fulgentibus
1119 4206 1297 4281 divulgantur
1307 4208 1413 4264 meritis
1425 4209 1455 4264 iu
1467 4208 1515 4263 illa
1527 4208 1647 4284 regione.
1661 4207 1739 4273 Quod

74 4295 196 4351 minibus
209 4309 282 4350 caeca
298 4291 368 4348 laeta
394 4289 493 4358 luerat,
509 4296 536 4346 ct
558 4299 589 4345 ut
617 4298 658 4347 est
674 4285 884 4345 consuetudinis
933 4306 1076 4367 statutum,
1105 4314 1167 4354 cum
1195 4313 1296 4372 magno
1322 4305 1454 4370 apparatu
1482 4299 1607 4354 germem
1630 4299 1740 4371 expiere

75 4386 179 4443 lurniue
190 4385 257 4442 solis
267 4384 351 4453 hujus
370 4382 485 4455 privatis
504 4380 650 4438 vivacioris
669 4380 774 4454 ingenii
790 4381 884 4435 lumen
934 4388 1096 4446 adoriuntur
1115 4386 1210 4441 famuli
1230 4385 1315 4441 illius,
1339 4386 1466 4458 [senique
1486 4387 1560 4442 paud
1572 4387 1742 4458 contempti.

76 4486 294 4535 menieseorssm
321 4472 580 4541 claiisssiffflilliiea
600 4488 662 4545 (tiiae
683 4472 775 4527 minus
799 4470 834 4526 de
851 4469 885 4525 il·
935 4479 983 4535 bili
1002 4477 1218 4549 obsequentium
1244 4475 1390 4531 comitatus
1415 4474 1563 4544 famulitio,
1587 4475 1744 4550 peragravit

78 4585 156 4627 more
180 4566 379 4639 omnipotentis
393 4565 502 4622 Domini
524 4572 610 4632 recto,
629 4563 718 4619 aetatis
731 4561 883 4619 mediocri·
936 4586 1096 4648 magnorum
1112 4570 1172 4625 toea
1183 4575 1351 4624 sanctorum.
1369 4566 1483 4632 Qnihoc
1498 4582 1570 4639 opus
1582 4566 1744 4624 venerando

79 4668 135 4718 0000
152 4659 322 4732 imi)odiente
340 4657 485 4726 00000030,
501 4656 586 4727 0030Ῑο
602 4670 662 4711 0330
679 4654 807 4711 [00003ῑο
821 4669 884 4708 ³¹¹¹·
936 4671 1110 4724 reservantes
1129 4663 1212 4727 Patri,
1228 4663 1386 4719 nullatenus
1408 4663 1556 4719 voluerunt
1571 4677 1635 4719 eum
1650 4661 1745 4734 pristi-

79 4751 163 4822 plius,
180 4755 208 4804 00
234 4749 263 4804 iu
279 4747 367 4819 ipsius
380 4761 474 4802 ⁸¹¹¹⁰i0
500 4745 608 4802 D⁰ffllssl
626 4742 786 4811 leii'essilffls
814 4747 842 4797 0²
856 4747 888 4797 ut
937 4772 981 4811 nae
993 4753 1139 4810 restituere
1154 4751 1291 4824 sospitati.
1308 4751 1378 4827 Ergo
1400 4751 1512 4807 tandem
1526 4750 1674 4819 recordati,
1697 4749 1746 4824 qui

80 4846 307 4916 sulentcorporis
334 4842 438 4919 gravati
460 4841 603 4898 debilitate
632 4837 800 4896 robustiores
829 4835 889 4892 lore
939 4860 1002 4901 eum
1022 4841 1183 4909 ducebant,
1204 4856 1335 4915 magnum
1351 4839 1456 4896 patrem
1481 4855 1580 4914 magna
1595 4840 1669 4912 apud
1691 4839 1747 4896 pa.

80 4945 183 4994 monte.
202 4936 352 4993 sollicitior
366 4934 436 4990 sacta
449 4934 485 4990 ad
503 4932 610 4990 Domini
624 4930 739 4996 cultum,
756 4928 889 5000 frequen·
941 4932 1084 4989 triciacum
1115 4929 1206 4986 solere
1233 4929 1353 5002 operari,
1378 4929 1445 4986 illuc
1465 4945 1590 5004 gressum
1612 4929 1748 5005 dirigunt.

83 5034 157 5089 tabat
171 5031 328 5096 eeclesiam,
340 5035 440 5101 petens
449 5028 474 5101 ej
479 5043 510 5083 us
523 5025 693 5082 indefessam
701 5021 891 5089 clementiam,
943 5024 1017 5090 Quos
1028 5023 1210 5080 adventantes
1223 5038 1286 5079 cum
1300 5036 1351 5078 suo
1367 5021 1491 5091 domiuo,
1512 5021 1540 5076 iu
1554 5021 1637 5078 domo
1653 5021 1750 5093 bospi-

84 5133 222 5199 quatcnus
240 5126 329 5198 ipsius
346 5138 482 5181 aerumnas
497 5121 620 5178 relevare
636 5121 807 5194 dignaretur.
828 5116 894 5173 Per·
944 5123 1001 5170 tum
1030 5111 1185 5183 suscipiunt
1202 5109 1311 5177 iratres,
1338 5115 1366 5166 et
1397 5118 1428 5165 ut
1456 5109 1530 5166 idem
1553 5108 1636 5167 Pater
1661 5108 1753 5181 inquit

86 5218 213 5292 pendens
223 5234 288 5276 vero
303 5232 365 5275 sese
373 5217 401 5272 id
413 5216 573 5273 nullatenus
587 5229 668 5286 posse
683 5211 805 5286 propriis
818 5223 894 5266 asse-
944 5207 1021 5276 (Rae.
1034 5203 1064 5261 S.
1079 5203 1176 5259 bened.
1191 5218 1252 5274 eap.
1273 5202 1339 5274 53);
1360 5215 1424 5256 narn
1444 5199 1561 5259 divitum
1582 5208 1672 5261 terror
1693 5202 1754 5273 ipso

122 5413 179 5484 (32)
193 5414 299 5483 Duplex
309 5418 350 5469 est
360 5427 394 5469 eo
408 5411 521 5469 nomine
529 5415 650 5467 castrum
663 5422 712 5464 sou
723 5403 893 5477 oppidumiu
944 5401 1033 5456 roem.
1428 5465 1433 5477 .

88 5484 257 5570 Burgundio.
274 5483 362 5541 Unum
386 5484 416 5566 in
434 5497 505 5557 pago
521 5481 638 5563 alsensi,
653 5480 734 5607 vulgo
749 5480 845 5578 Sernnr
862 5490 894 5531 cn
980 5470 1040 5552 (33.)
1060 5469 1217 5551 Turnacum
1244 5482 1294 5522 seu
1321 5466 1497 5549 lemanum,
1525 5465 1652 5547 'laurata
1685 5462 1757 5520 Bur·

88 5558 213 5624 Auaron,
233 5555 268 5610 ad
287 5556 492 5612 Armeutrouem
511 5552 664 5610 lluvrolum.
680 5552 803 5607 aterum
819 5545 894 5604 iraud
944 5543 1057 5616 gundre
1080 5540 1214 5612 oppidum
1241 5538 1276 5593 ad
1305 5539 1422 5606 lirarrm,
1437 5538 1551 5593 abbana
1578 5537 1758 5605 illustratum,

90 5626 187 5700 procul
213 5625 338 5698 abigeri
356 5641 441 5753 augura
455 5624 648 5688 Patriciaeum,
674 5619 823 5680 vernacule
848 5619 896 5677 Sc·
946 5628 1002 5695 quo
1025 5611 1124 5668 dolatae
1139 5609 1228 5667 sancti
1250 5608 1377 5664 Filiberti
1393 5608 1522 5678 reliquia
1545 5604 1784 5671 adsuetamn

90 5715 153 5757 mar
166 5713 199 5755 err
213 5699 366 5766 Brieuaots,
402 5712 493 5770 equo
506 5692 705 5771 intelligendus
728 5692 838 5750 videtur
851 5688 899 5746 bic
946 5678 1431 5751 tionisiiutoriasupsimssdnaa
