3720 6014
154 266 208 324 att
749 255 923 317 stanneum
944 258 1202 315 nnunllcnnstS.
1776 258 1828 315 616

152 394 247 467 gratia,
268 390 343 463 quod
359 390 447 461 majus
468 397 510 445 est
530 389 651 462 quamsi
672 389 816 445 claruisset
836 390 957 445 miracu·
967 395 996 462 Α
1008 388 1062 443 lem
1077 387 1166 444 virum
1192 387 1380 452 Aletrannum,
1395 400 1478 459 quem
1490 393 1552 457 post
1568 401 1645 442 suam
1667 385 1829 489 excecatio-

151 485 239 538 lorum
263 482 350 558 gloria
376 481 671 554 miraculis—qnippe
692 481 955 553 nonnunquamvir·
1007 494 1070 534 nem
1092 485 1120 534 et
1133 479 1325 550 expulsionem
1351 478 1478 534 Evraclus
1505 477 1827 550 episcopnsordrnave'·

150 580 221 629 tutes
244 570 423 638 offuscantur,
460 571 592 626 miracula
619 587 683 627 vero
714 572 782 629 solis
810 570 956 626 virtutibus
1005 576 1046 625 rat
1060 569 1189 624 abbatem
1206 569 1395 636 bobiensium,
1414 568 1524 640 scripsit
1538 569 1684 640 epistolam
1703 569 1735 624 in
1751 569 1827 624 liuns

148 664 424 719 commendantur-
439 665 472 718 lu
494 663 549 718 llal.
571 663 644 720 iunii
672 665 730 733 (an.
750 663 814 738 962)
835 664 957 720 reddidit
1006 662 1119 717 modum
1132 660 1178 717 ⁸⁸⁰.

148 758 274 829 spiritum
289 758 432 831 fatigatum
448 774 500 814 nec
515 758 617 814 victum
628 758 776 816 fructuosis
791 759 931 815 laboribus
947 776 955 828 3
1168 768 1270 807 rnorem
1288 752 1321 787 ⁸⁸¹
1338 766 1467 806 urrsroua
1489 767 1597 807 unauna
1613 753 1673 809 ⁸⁸².

148 858 176 905 et
187 850 221 905 ad
235 856 327 922 patres
345 865 411 905 suos
426 850 579 921 adpositus,
600 850 648 922 qui
663 851 848 909 seminaverat
863 851 891 906 in
907 851 957 906 be·
1042 850 1109 902 aira
1133 847 1328 917 dispensatione
1347 850 1484 903 miseratio
1505 855 1633 917 operatur
1656 848 1766 915 diuina,
1796 857 1825 905 rst

148 944 366 1012 nedictionibus,
382 945 419 980 ⁸⁷²
429 945 592 1016 messuittlt
605 950 663 1002 Cor.
677 963 716 1012 m,
728 945 756 1014 6)
770 946 853 1000 etiam
865 946 893 1000 in
909 944 958 999 be·
1004 940 1213 1008 procedentium
1228 946 1305 996 actus
1327 944 1392 1010 jure
1405 941 1457 995 sibi
1482 941 1650 1009 placentium
1674 942 1783 1010 duplici
1796 945 1836 1008 in,

148 1035 364 1102 nedictionibus,
379 1036 540 1107 centuplum
552 1042 580 1091 et
597 1036 681 1091 vitam
702 1041 831 1090 aeternam
854 1051 956 1092 secun·
1007 1032 1055 1085 doc
1069 1032 1245 1087 mortaiitatis
1264 1034 1361 1087 soeerdo
1380 1033 1570 1100 prutificentar
1592 1035 1701 1101 600000,
1719 1040 1751 1087 tit
1771 1049 1822 1088 non

148 1123 213 1179 dnm
230 1123 338 1180 nomini
359 1123 394 1158 ⁸³⁸
412 1124 625 1196 promissionem
650 1124 752 1194 (datin.
774 1140 830 1191 xix,
851 1122 896 1195 29]
910 1123 958 1177 in·
1007 1122 1120 1174 minoris
1133 1122 1230 1188 pratia
1246 1123 1275 1175 in
1288 1121 1435 1176 caestibus
1456 1121 1578 1175 ditentur
1591 1124 1819 1177 remuneratione.

149 1212 259 1285 deptus.
1006 1210 1124 1276 Denique
1145 1210 1185 1263 uis
1200 1209 1336 1277 tarpitatis
1348 1225 1404 1263 sua
1426 1211 1502 1266 donis
1525 1216 1621 1266 auctor
1632 1213 1761 1266 omnium
1775 1211 1819 1267 io·

185 1309 228 1363 lu.
245 1307 484 1365 Gemmelacenses
500 1308 555 1364 laeti
577 1307 612 1363 ab
628 1307 720 1363 invitis
735 1323 836 1378 corpus
850 1307 956 1363 domini
1005 1313 1106 1354 000000
1122 1303 1191 1354 Dens
1203 1303 1389 1369 posteritatem
1407 1303 1551 1371 cujusdam
1565 1302 1658 1358 dilecti
1674 1307 1722 1358 sui
1738 1301 1820 1359 Wicie

148 1397 190 1453 sni
205 1396 370 1468 suscipiunt,
390 1403 418 1452 et
442 1412 472 1452 se
501 1396 594 1452 votivo
620 1395 698 1466 operi
718 1395 873 1468 accingunt.
905 1394 955 1460 uui
1006 1389 1074 1444 ierit
1090 1392 1270 1460 presentibus
1285 1394 1419 1462 insipnire
1437 1394 1566 1462 dipnatus
1579 1401 1619 1449 cst
1646 1394 1818 1464 temporibus,

148 1491 334 1557 precaventes
348 1500 384 1539 ne
395 1483 485 1539 aestivi
501 1483 601 1539 caloris
616 1483 745 1540 nimietas
757 1483 862 1539 iaceret
881 1482 957 1552 inju-
1008 1481 1101 1536 nolens
1117 1488 1148 1536 ut
1163 1484 1218 1551 ipse
1232 1488 1348 1539 testatur
1359 1485 1520 1554 splendentis
1535 1487 1654 1541 lacuna
1667 1487 1820 1541 claritatem

147 1577 216 1632 riam
232 1586 327 1632 sancto
341 1576 460 1647 corpori,
476 1575 586 1631 intralia
605 1576 731 1648 corporis
759 1576 884 1646 ejiciunt,
905 1573 956 1630 ibi·
1007 1575 1057 1628 sair
1082 1576 1164 1630 nrodii
1194 1577 1409 1633 uutdradiutius
1435 1579 1611 1647 obtenebrari,
1638 1583 1707 1649 quin
1734 1583 1820 1649 potius

147 1684 202 1740 que
217 1675 296 1724 terrae
311 1667 459 1724 infodiunt.
476 1668 592 1724 cadaver
615 1684 680 1725 vero
706 1668 762 1724 sale
781 1677 809 1724 ct
821 1667 904 1723 variis
923 1668 957 1703 ⁸⁷⁸
1007 1667 1160 1731 edificandi
1188 1672 1278 1737 pratia
1295 1670 1371 1739 tonpe
1389 1673 1503 1741 iateque,
1518 1687 1566 1728 cca
1590 1679 1750 1728 orornatam
1763 1676 1820 1740 fra·

147 1762 352 1836 pigmentorum
367 1763 498 1819 odoribus
519 1772 717 1840 conspergunt,
732 1781 796 1836 quac
815 1763 955 1835 putredini
1004 1758 1144 1823 distinam
1170 1760 1228 1826 ejus
1241 1758 1364 1827 dispersit
1383 1759 1446 1814 boni
1469 1761 1554 1815 ederit
1569 1764 1746 1816 suavitatem·
1776 1766 1821 1818 iiic

147 1870 287 1926 corporeas
298 1857 482 1928 corruptionis
498 1873 652 1929 repugnare
676 1865 801 1928 possunt.
817 1856 893 1913 Unus
907 1874 956 1913 au·
1006 1850 1091 1916 iiiiii
1113 1849 1190 1903 wide
1214 1850 1367 1905 56000001ῑο
1390 1855 1503 1920 pestiens
1526 1854 1640 1921 “didisti
1662 1857 1821 1922 600ῑὶοΜ

147 1952 203 2002 tem
218 1964 313 2004 eorum
328 1950 440 2005 nomine
459 1949 581 2018 Adecbo,
603 1951 651 2022 qui
667 1962 778 2022 semper
792 1949 956 2006 familiarius
1006 1940 1153 2009 euanpeiici
1167 1956 1221 1995 000
1240 1943 1337 1997 sardus
1356 1943 1465 1999 auditor
1491 1947 1631 2012 terminis,
1656 1953 1759 2002 cuncta
1771 1947 1817 2002 ‘¹‘-

146 2039 236 2095 iuerat
246 2041 397 2097 obsecutus
411 2049 507 2097 sancto
523 2042 594 2105 viro,
609 2057 642 2097 ac
656 2058 705 2113 per
720 2043 772 2098 hoc
792 2043 873 2098 etism
889 2058 955 2098 san·
1003 2036 1091 2102 illexi!
1103 2035 1256 2102 00000ΐὶ0,
1283 2040 1385 2105 residit
1412 2044 1528 2105 imerii,
1547 2044 1696 2109 postposuit
1716 2047 1819 2111 winpo-

144 2140 188 2188 cto
203 2133 312 2204 corpori
336 2134 426 2189 adbuc
446 2133 651 2206 obsequebatur
677 2134 711 2168 ⁸⁷⁵
727 2134 889 2201 instantius,
911 2134 955 2192 bic
1004 2122 1085 2189 'alitis
1106 2129 1188 2178 300οῑ
1206 2125 1237 2178 dt?
1256 2131 1349 2181 caure
1373 2129 1536 2198 000100ῑῖ603
1557 2130 1646 2184 culmi
1667 2134 1824 2187 mma-iiis&

146 2230 304 2293 comparato
332 2238 410 2278 carro
433 2238 493 2278 cum
513 2223 615 2289 bobus,
640 2222 805 2293 superponit
829 2233 955 2279 sanctum
1005 2215 1152 2283 reiipionis,
1169 2223 1200 2270 sti
1216 2217 1356 2273 altioribus
1372 2221 1591 2275 dissipatoribus
1611 2225 1659 2276 Dei
1674 2230 1763 2293 pessel
1773 2238 1823 2279 vd·

147 2322 258 2380 oorpus,
275 2326 329 2365 non
346 2325 401 2382 qno
421 2312 527 2366 honore
542 2310 684 2366 dominum
709 2310 815 2380 decuit,
835 2312 885 2367 sed
900 2328 955 2384 quo
1006 2318 1068 2358 0000
1088 2306 1266 2373 jussionibus·
1293 2311 1452 2363 Mniestcria
1470 2325 1536 2364 sane
1561 2313 1730 2367 Gemmetaus
1749 2329 1822 2368 nan-

146 2416 240 2457 amorc
258 2401 317 2473 ipse
334 2403 441 2460 debuit.
468 2403 527 2459 Jam
548 2411 746 2474 praecesserant
771 2404 955 2480 longiuscule,
1007 2400 1105 2463 eupato
1118 2397 1162 2449 ⁸²1²
1173 2397 1246 2463 iiiii
1262 2397 1417 2451 'diffiniit
1437 2401 1485 2453 ⁰⁶0
1502 2401 1680 2455 imitemini
1692 2401 1821 2471 adsistit,

147 2500 175 2548 et
190 2509 256 2550 eece
270 2495 360 2550 omnis
373 2495 564 2552 narniensium
581 2496 701 2568 populns
717 2498 817 2553 exarsit
834 2498 861 2552 in
876 2497 916 2554 ira
931 2505 958 2554 ct
1006 2490 1111 2543 sincero
1127 2491 1225 2558 affectu
1249 2490 1398 2546 aturricus
1412 2493 1534 2558 fratrum
1551 2497 1751 2551 nwnualtoram
1763 2513 1823 2553 coa·

148 2583 253 2651 lurore,
271 2601 335 2659 egre
364 2585 486 2642 terentes
504 2602 606 2659 corpus
626 2589 701 2644 illius
721 2589 864 2660 asportari,
879 2592 958 2661 cujus
1006 2578 1109 2635 diditi
1133 2580 1167 2614 ⁸⁸⁸
1191 2583 1277 2638 viluit
1301 2586 1542 2654 mitissimam,
1567 2587 1614 2641 tibi
1639 2594 1664 2641 ⁶²
1686 2591 1742 2658 ipse
1756 2590 1824 2677 itit}

149 2676 259 2732 meritis
275 2693 305 2732 se
315 2678 466 2734 credebant
481 2696 496 2734 a
520 2680 577 2735 Deo
592 2679 627 2715 ⁸³⁶
641 2681 774 2751 adJnvari.
794 2681 863 2755 Ergo
885 2680 956 2737 lacto
1006 2671 1079 2725 000οῑ
1090 2673 1173 2737 sitiit
1185 2680 1232 2740 tii,
1247 2674 1368 2743 reputari
1381 2678 1472 2730 vividi
1488 2681 1607 2746 6000066
1634 2681 1760 2748 plurima
1775 2686 1824 2736 ⁰⁶⁰

148 2779 243 2839 grege,
268 2772 444 2837 perstrepunt
465 2766 592 2838 populari
614 2784 702 2837 more,
716 2777 744 2824 et
759 2783 862 2839 paucos
877 2769 956 2825 multi
1005 2762 1088 2831 dipna
1102 2767 1183 2831 pessit
1197 2780 1288 2835 opera,
1310 2767 1414 2822 malem
1427 2783 1484 2822 sua
1506 2773 1684 2826 exortationis
1703 2774 1825 2843 maniplo

147 2856 328 2928 insequentes
358 2859 541 2915 conclamant.
559 2861 598 2915 ld
619 2861 766 2917 clamorem
787 2877 957 2916 concurren-
1005 2858 1115 2908 tidelis
1139 2855 1175 2909 00
1201 2856 1266 2911 bene
1291 2858 1428 2925 09000000
1448 2860 1628 2930 00000000ον0,
1643 2878 1728 2932 annm
1742 2865 1824 2925 nteit

147 2948 215 3003 tium
227 2949 467 3006 Gemmelaccnses
482 2951 694 3022 obstupescunt,
714 2959 742 3008 et
756 2952 839 3008 tacito
865 2953 956 3008 cordis
1004 2949 1139 3001 suasionis
1162 2949 1277 3016 papam
1290 2950 1390 3006 codidie
1404 2967 1453 3020 per
1475 2953 1560 3008 deuios
1574 2968 1667 3009 curare
1680 2957 1822 3015 decursus,

145 3040 266 3097 elamore
290 3041 424 3097 auxilium
450 3042 496 3098 bei
520 3050 656 3114 quierunt,
688 3044 720 3099 Er
747 3045 795 3116 qui
822 3059 872 3116 pro
891 3043 956 3100 filiis
1004 3040 1065 3091 Hac
1086 3045 1180 3093 autem
1207 3044 1363 3098 sanctitatis
1389 3059 1447 3098 saa
1472 3047 1636 3115 caemplaet
1660 3053 1825 3105 constantia

145 3134 228 3189 lsrael
254 3135 385 3210 pugnavit
404 3144 499 3193 contra
522 3137 701 3210 insequentes
721 3139 874 3214 AEgypiios,
900 3103 1154 3213 pri-Caesiamina
1180 3132 1336 3188 sensatum
1352 3138 1381 3188 in
1404 3136 1618 3206 jansdictolaco
1645 3142 1825 3198 manentibus

145 3223 340 3298 gnavit'etiam
366 3241 415 3296 pro
443 3226 511 3282 istis.
540 3227 637 3285 Subito
653 3229 727 3284 enim
750 3228 784 3263 stt
803 3236 955 3287 ,ormam
1004 3219 1178 3277 adtendanter
1201 3224 1306 3280 eudait
1330 3226 1474 3294 fratribus,
1498 3243 1593 3282 amara
1616 3231 1825 3289 omnibusbens

146 3318 252 3384 pestate
270 3331 317 3370 aer
327 3314 475 3383 inhorruit,
496 3322 523 3372 et
542 3314 614 3372 clara
629 3316 675 3373 die
690 3333 745 3374 nox
764 3317 856 3373 aliena
874 3318 954 3374 inca·
1003 3316 1144 3384 apsntibus
1155 3323 1181 3371 et
1194 3325 1322 3374 sanctum
1336 3322 1506 3390 sapientibus
1519 3325 1597 3379 iaicis
1611 3331 1638 3379 et
1651 3326 1768 3395 cimicis,
1784 3330 1825 3383 ai-

146 3400 213 3457 buit.
238 3402 409 3474 Concrepnnt
429 3404 562 3473 tonitrua,
583 3407 684 3462 micant
709 3404 831 3481 fulgura,
851 3406 954 3463 cadunt
1003 3408 1063 3464 duis
1083 3417 1108 3465 et
1133 3415 1271 3482 orphanis,
1286 3419 1424 3471 umnaciris
1452 3423 1479 3472 et
1499 3421 1549 3474 Deo
1573 3421 1669 3475 dicatis
1697 3424 1823 3493 seminis,

145 3489 272 3546 fulmina.
296 3492 358 3548 lllos
374 3493 497 3550 tenebrae
525 3494 680 3567 palpabiles
704 3495 739 3550 ab
762 3496 860 3553 itinere
878 3512 959 3553 revo-
1006 3516 1063 3556 suoe
1076 3506 1252 3560 arariaturnis
1270 3505 1429 3561 documenta
1455 3509 1571 3577 praebuit
1589 3511 1700 3580 dietim·
1728 3519 1756 3568 et
1782 3516 1823 3568 in·

145 3586 218 3643 cant,
236 3578 274 3633 illi
290 3580 324 3615 ¹⁷⁸
340 3597 396 3637 uno
408 3581 508 3638 itinere
524 3583 681 3656 gradientes
696 3600 749 3640 nec
768 3586 802 3641 ad
816 3585 956 3641 dexteram
1005 3605 1086 3659 super
1099 3592 1184 3646 ueluti
1207 3594 1238 3645 in
1254 3595 1397 3663 propatulo
1415 3596 1525 3661 claruit,
1551 3602 1667 3667 paponis
1694 3606 1721 3656 et
1741 3603 1824 3659 idaia

145 3685 197 3727 nec
211 3670 245 3727 sd
265 3672 404 3729 sinistram
420 3674 605 3733 declinabant.
627 3677 667 3731 lta
693 3676 733 3731 illi
755 3676 888 3733 divinitus
907 3693 955 3733 ex·
1004 3699 1068 3738 ram
1087 3687 1224 3753 spurcitiis
1238 3685 1332 3741 deditis
1358 3690 1480 3742 misteria
1504 3696 1584 3760 atquc
1602 3692 1731 3762 deputata
1751 3699 1824 3765 repis

145 3763 231 3818 territi
248 3765 433 3830 retrocedunt,
450 3766 495 3821 isti
515 3767 602 3835 adjuti
618 3767 752 3824 divinitus
769 3769 857 3824 libore
875 3769 954 3825 ince·
1004 3781 1099 3833 antemi
1124 3782 1329 3835 amministrare
1350 3796 1403 3836 non
1441 3785 1547 3839 dippum
1567 3785 1691 3855 flpppppr,
1709 3792 1824 3858 puppem

142 3849 220 3906 dunt.
236 3851 301 3905 ‘lam
329 3852 499 3922 predicabili
526 3855 660 3912 miraculo
680 3865 792 3912 sanctus
813 3858 954 3914 berwic·
1003 3881 1045 3921 eos
1057 3870 1183 3936 supernis
1196 3867 1299 3923 auidus
1312 3874 1415 3926 sociare
1427 3872 1590 3929 amabiliter.
1607 3879 1666 3930 Post
1677 3879 1759 3946 cuins
1776 3878 1823 3932 ae.

141 3942 236 3999 bertus
253 3945 415 4014 illustratus,
437 3964 499 4003 cum
526 3951 612 4005 multa
635 3951 758 4007 omnium
775 3953 954 4010 veneratione
1003 3972 1106 4013 cessum
1133 3964 1159 4014 et
1177 3964 1240 4015 uita
1258 3966 1397 4030 presentis
1420 3968 1578 4033 terminum,
1603 3967 1693 4031 fideles
1711 3968 1824 4026 dinemo

141 4032 176 4088 ad
198 4023 424 4093 Gemmelacense
451 4040 610 4096 caenobium
638 4048 680 4098 cst
698 4044 813 4112 relatus,
837 4051 863 4100 et
891 4061 954 4101 cum
1004 4053 1091 4104 atatis
1103 4051 1309 4108 etdiuersoram
1322 4055 1461 4123 madorem
1475 4061 1532 4126 ejus
1549 4060 1659 4113 incitati
1679 4059 1757 4117 tana
1769 4078 1820 4118 ae·

142 4124 793 4189 bonoredebitoinsecclcsiasanctisalvatoris
809 4135 954 4208 sanctique
1005 4146 1084 4200 tronis
1098 4147 1227 4216 exempto,
1256 4163 1320 4217 opas
1348 4148 1474 4216 deificam
1499 4156 1525 4205 ct
1550 4156 1650 4207 amorr's
1678 4155 1823 4212 dulcedius

145 4215 216 4272 Petri
230 4219 347 4289 apostoli
361 4220 499 4291 sepultus,
514 4237 544 4278 sc
559 4238 621 4279 cum
650 4225 705 4281 lico
725 4225 817 4283 vivere
832 4229 955 4287 ostendit
1001 4233 1307 4306 plenumquodadipso
1325 4244 1450 4293 exortam
1465 4241 1821 4313 estampiiorisreqaentm

144 4319 174 4359 sc
187 4305 392 4364 invocantibus.
408 4308 528 4366 Credunt
544 4312 617 4367 enim
637 4328 668 4368 so
683 4314 744 4383 ejus
762 4315 878 4373 tuitione
890 4333 955 4390 pro·
1000 4325 1174 4394 promalpure
1191 4333 1365 4381 curaverant.
1394 4330 1501 4383 Placuit
1522 4346 1589 4386 sane
1601 4332 1731 4399 pluribus
1745 4337 1820 4390 circa

144 4395 280 4469 tegendos
305 4399 514 4469 perpetualiter,
539 4417 637 4457 omnes
661 4403 709 4476 qui
733 4421 796 4459 cum
823 4402 1090 4472 invocantDioeum
1119 4416 1348 4472 commorantibus
1368 4418 1464 4487 quibus
1486 4435 1562 4475 mens
1590 4425 1684 4479 sanior
1702 4430 1731 4478 et
1755 4440 1820 4494 erpa

145 4485 364 4553 praesentialiter.
394 4487 467 4545 obiit
493 4499 586 4547 autem
613 4492 657 4548 bie
677 4501 790 4551 sanetus
818 4496 867 4551 Dei
881 4511 955 4552 anno
1004 4504 1088 4554 Deum
1102 4502 1246 4558 deuotionis
1269 4511 1329 4559 erat
1344 4507 1466 4575 affectus,
1492 4508 1525 4563 ob
1543 4525 1608 4564 suas
1627 4515 1738 4568 aninsas
1752 4514 1822 4569 redi·

143 4571 291 4630 dominicas
316 4575 515 4635 incarnationis
540 4583 754 4655 nongentesimo
783 4585 955 4659 sexagesimo
1004 4589 1115 4643 mendas
1140 4593 1318 4659 fraternalem
1332 4597 1403 4649 inter
1427 4611 1455 4651 se
1470 4600 1767 4670 junperesocietatem,
1790 4591 1822 4657 ut

146 4662 269 4719 secundo
283 4663 329 4720 ⁸⁷⁰.
1002 4681 1078 4747 pacis
1086 4684 1112 4734 et
1124 4679 1272 4737 dilectionis
1288 4687 1407 4738 terrentes
1427 4688 1456 4739 in
1472 4690 1550 4742 terris
1563 4691 1701 4755 unionem,
1722 4695 1822 4760 patria

183 4753 227 4810 ts.
255 4756 332 4820 Quod
363 4759 426 4814 talis
448 4767 595 4836 tantusque
625 4764 727 4820 bicnir
756 4766 804 4821 liei
824 4765 955 4823 fueritne
1006 4771 1117 4826 coeimtis
1131 4779 1301 4828 mererentur
1312 4776 1421 4843 perirati
1433 4783 1629 4835 comitianiorse.
1654 4784 1743 4850 lpitur
1769 4786 1821 4838 lla-

148 4843 211 4914 quis
225 4844 372 4913 discredat,
400 4849 486 4921 ipsius
503 4853 599 4908 domni
622 4854 731 4910 abbatis
750 4856 854 4912 Erluini
875 4858 955 4913 testi·
1006 4860 1098 4914 leudos
1112 4864 1196 4916 Maias
1208 4866 1332 4918 connenit
1350 4880 1405 4918 non
1419 4868 1523 4923 modica
1535 4868 1657 4933 fidelium
1678 4875 1773 4925 turma
1786 4869 1822 4925 ad

150 4935 273 4992 monium
298 4941 419 5010 accedat,
440 4943 487 5014 qni
513 4943 539 4999 ci
555 4945 710 5002 diutissime
724 4948 856 5017 convixit,
871 4966 954 5022 quem
1006 4955 1094 5011 bourn
1107 4966 1287 5014 memoratum
1306 4963 1484 5030 inspiratione
1510 4967 1604 5033 nimae
1617 4966 1823 5023 currentissims'

150 5026 237 5083 nichil
252 5030 326 5088 illius
339 5032 427 5090 latuit.
450 5035 476 5090 ls
492 5035 621 5091 Erluinns
636 5037 705 5093 dans
719 5054 830 5111 operum
847 5040 882 5097 ad
897 5041 956 5098 dis·
1005 5052 1052 5103 liei
1065 5051 1249 5122 inflammata,
1278 5054 1403 5110 devovens
1426 5060 1475 5112 Dm
1488 5072 1536 5126 per
1551 5060 1686 5114 circulum
1699 5063 1772 5114 anni
1783 5060 1819 5116 ad

148 5122 308 5189 ponendum
334 5123 412 5180 initia
445 5142 460 5180 s
498 5127 600 5182 domno
635 5129 793 5189 Wicbbcrto
827 5131 956 5192 fraternae
1005 5138 1329 5198 oiiatmnissaeromenta
1353 5148 1518 5214 pertinentia
1539 5147 1662 5216 luminis,
1678 5151 1759 5217 panis
1776 5151 1818 5203 ni·

147 5210 288 5269 societatis
301 5213 460 5287 collegium,
488 5221 515 5271 et
529 5216 564 5272 ad
591 5219 644 5276 boc
664 5220 785 5279 invitans
809 5226 956 5281 venerabi·
1005 5232 1086 5299 nique
1108 5231 1142 5265 ⁸⁸⁵
1154 5248 1313 5289 mammam
1326 5239 1506 5291 cornaraniter
1519 5243 1665 5308 repertam,
1682 5245 1713 5295 ut
1727 5243 1760 5294 in
1776 5240 1818 5296 dis

828 5359 937 5417 vinidi
953 5364 1142 5424 tinnibunt.

182 5471 264 5526 ⁸⁷¹m.
293 5490 320 5533 e.
350 5475 368 5530 i.
397 5475 424 5529 b.
449 5479 479 5530 tn
501 5476 554 5532 ioco
580 5493 641 5533 raso
668 5482 692 5534 l.
741 5482 836 5538 ⁸⁷³dei
860 5484 885 5538 i.
915 5485 941 5539 3.
990 5484 1101 5541 ⁸⁷⁸aliis
1122 5488 1148 5542 2.
1202 5489 1236 5524 ⁸⁷⁶
1252 5488 1435 5544 famulabatur
1454 5490 1481 5544 3.
1539 5490 1658 5563 ⁸“apud
1681 5491 1769 5550 Deum
1791 5494 1818 5550 2.

148 5536 182 5574 ⁸⁷⁷
197 5543 300 5598 etenim
315 5544 341 5602 3.
378 5547 413 5581 ⁸⁷⁸
426 5546 471 5601 isti
486 5547 513 5603 3.
558 5547 593 5582 ⁸⁷⁹
605 5554 692 5620 perpit
704 5551 734 5607 3:
752 5553 884 5609 Miracula
894 5555 998 5610 vitandi
1014 5555 1118 5614 lastidii
1133 5559 1222 5634 grstia
1241 5576 1392 5632 suppressa
1415 5568 1489 5618 sunt.
1506 5561 1740 5704 Quandopuidem
1748 5567 1821 5622 mul-

147 5610 271 5682 tiplicata
284 5626 348 5673 sunt
359 5632 444 5700 super
468 5634 627 5704 numerum.
642 5623 768 5692 Sequitur
781 5627 875 5681 relatur
887 5627 919 5682 de
931 5628 1079 5712 curatione
1090 5634 1156 5702 ejm.
1170 5701 1176 5713 .
1195 5630 1230 5666 ⁸⁸⁰
1238 5635 1300 5713 Qua
1312 5639 1561 5738 sepnrrnturflusque
1575 5637 1611 5691 ad
1643 5653 1708 5695 reem
1721 5639 1819 5698 desum

144 5681 187 5736 2¹1.
202 5684 228 5740 3,
244 5684 284 5741 ib.
299 5686 325 5742 d.
343 5687 369 5743 a.
386 5691 556 5746 dramatis.
593 5689 626 5725 ⁸⁸¹
646 5692 717 5749 deest
728 5693 754 5749 2.
789 5694 864 5751 ΜΕ.
881 5697 1024 5755 abbatrsi.
1050 5700 1297 5760 'vaeadimens
1332 5705 1576 5779 ⁸⁸unrcn1que2.
