3720 6014
649 170 790 228 habueri
810 169 967 227 tentanti
986 169 1133 227 uoutcttt
1155 170 1302 229 etentes.

573 299 662 354 riores
676 297 710 353 dc
726 301 816 355 cernis
829 302 939 356 metrico
951 300 1091 370 decerpam
1103 302 1203 370 pratis.

603 370 705 425 Pollice
719 369 942 439 decreai„aoster
955 374 1041 427 amice
1055 372 1115 426 tibi.

571 441 623 497 llic
636 445 761 511 portenta
773 443 832 507 tibi,
841 445 984 507 miraculo,
997 445 1102 498 somnia
1112 445 1220 514 scripsi,

608 514 714 583 Scripsi
732 512 765 567 de
777 514 854 569 rebus
868 515 911 568 bic
929 514 1145 570 memorabilibus

570 587 658 648 ilecto,
671 599 804 653 peruerse,
826 590 932 641 versute
946 586 1021 642 dicta
1038 587 1154 641 oetaeo

606 658 684 720 Diei,
698 672 757 726 qaae
774 658 848 724 farlo
861 659 1021 725 contiperint
1035 661 1121 712 namo.

573 729 656 795 Urpes
669 727 707 781 ad
719 729 834 795 sirmam,
851 729 919 796 Olio,
934 744 994 799 qua
1005 730 1099 799 prima
1112 733 1229 798 poetam,

604 798 690 854 Adsis
702 801 852 870 principiis
867 815 902 854 ea·
915 801 1039 855 Helicone
1051 803 1127 855 meis.

180 901 374 976 Sequebantur
389 898 513 974 epistola
529 898 657 955 undecim
670 898 705 953 ad
718 898 817 966 varios,
834 915 950 971 quorum
966 900 1054 971 prima
1072 899 1107 954 ad
1123 898 1304 955 Guarnerium
1324 900 1481 957 Burdonem
1491 899 1531 956 sic
1544 899 1677 972 incipit:

568 1001 668 1070 Accipe
681 1000 854 1070 descriptam,
869 999 1002 1056 duameri
1016 1001 1117 1068 Bardo,
1133 1001 1259 1069 salutem,

604 1074 728 1141 Dt'ripita
742 1077 815 1127 torta
828 1087 909 1142 quom
919 1072 970 1127 tibi
984 1087 1080 1127 momen
1094 1073 1205 1128 babens.

143 1173 271 1230 Secunda
286 1177 329 1228 est
346 1171 380 1227 ad
395 1172 562 1227 bernardum
573 1172 626 1228 hoe
640 1171 770 1229 exordio:

567 1277 619 1331 Pro
637 1275 751 1338 meritis,
763 1273 910 1340 bernarde,
923 1276 977 1329 tuis
987 1274 1037 1328 libi
1053 1273 1137 1328 aerbo
1150 1274 1250 1329 saletis

587 1346 707 1400 Paucula
718 1344 875 1415 lindolphus
895 1346 1008 1401 adnotat
1020 1348 1073 1417 ipse
1088 1348 1162 1400 taus.

142 1448 234 1504 Tertio
251 1447 311 1503 loco
333 1446 495 1521 legebantur
522 1451 582 1501 acta
596 1444 658 1500 vitre
685 1454 712 1500 et
726 1444 854 1516 martyris
868 1445 897 1499 S.
915 1445 999 1500 Mauri
1014 1443 1145 1512 Alricnni,
1167 1459 1284 1517 quorum
1304 1443 1426 1500 ultimam
1447 1450 1552 1514 partem
1578 1444 1615 1500 de
1635 1444 1821 1500 translatione

141 1520 265 1591 corporis
279 1519 313 1574 ad
324 1518 481 1573 caenobium
497 1517 669 1573 floriacense
682 1516 769 1570 edidit
783 1516 885 1571 Bassus
900 1532 915 1571 a
930 1516 1030 1592 pagina
1043 1515 1094 1572 3l‘l
1105 1532 1167 1572 eum
1190 1517 1240 1572 hnc
1253 1516 1377 1572 clausula
1392 1532 1496 1572 annum
1516 1517 1546 1571 ll
1557 1515 1602 1583 ll,
1620 1531 1683 1588 quo
1715 1517 1815 1587 scripta

143 1593 202 1648 brec
216 1591 282 1657 sint,
298 1588 489 1664 significante:

549 1662 644 1716 Maure
656 1674 740 1726 socer,
751 1660 855 1714 meritis
868 1661 968 1714 eaamli
979 1663 1039 1714 uolo
1054 1661 1204 1730 precantis,

550 1730 628 1798 Quod
639 1730 713 1785 dedit
727 1733 842 1799 ceineas
859 1733 1001 1786 Tortnrins
1016 1733 1108 1801 accipe
1121 1746 1228 1792 munus.

551 1803 626 1857 Mille
644 1803 690 1855 sui
701 1816 803 1868 versus,
817 1817 867 1856 sua
880 1802 989 1858 demant
1003 1805 1123 1858 crimina
1141 1803 1214 1858 mille
1228 1819 1235 1856 ε

551 1874 653 1944 Septies
668 1877 693 1930 el
707 1873 832 1928 derticum
846 1879 947 1929 centron
962 1878 1059 1930 catera
1073 1878 1187 1944 imperit.

177 1984 335 2040 Addebatur
347 1982 466 2055 hymnus
482 1982 595 2054 saphico
609 1982 731 2038 carmine
750 1983 785 2039 de
801 1983 898 2038 eodem
910 1989 1005 2040 saneto
1017 1983 1110 2038 blaura
1126 2000 1207 2055 quem
1223 1983 1251 2038 in
1266 1982 1363 2038 codice
1379 1981 1547 2038 Floriacensi
1572 1997 1625 2054 pro
1641 1982 1816 2037 membrana·

142 2073 202 2113 rum
219 2055 357 2111 tenuitate
370 2062 397 2109 et
413 2060 549 2110 vetustate
563 2069 592 2109 se
618 2069 674 2110 nou
694 2054 816 2124 potuisse
840 2055 931 2126 legere
950 2053 1168 2111 lateturlloscus
1192 2072 1254 2128 pag.
1282 2054 1344 2121 355,
1365 2053 1413 2109 ubi
1443 2061 1589 2109 auctorem
1621 2055 1726 2125 hymni
1755 2054 1814 2109 lacit

145 2127 321 2198 hadulphum
349 2125 564 2181 l'lariaeensem:
578 2141 594 2180 a
612 2141 667 2198 qno
683 2142 826 2197 perperam
841 2126 980 2181 diversum
995 2126 1145 2181 arbitratus
1157 2133 1199 2181 est
1213 2142 1229 2180 a
1242 2127 1332 2191 Torta,
1356 2125 1415 2180 sire
1433 2125 1571 2192 lanaria,
1591 2126 1649 2181 snb
1677 2126 1759 2194 cuins
1775 2141 1817 2180 rio

140 2201 215 2254 mine
229 2198 318 2254 edidit
332 2198 388 2268 jam
405 2197 506 2253 dictam
519 2197 546 2251 S.
557 2197 642 2252 llauri
655 2197 872 2252 translationem.
885 2198 983 2254 Ultimo
998 2197 1120 2268 denique
1132 2199 1193 2254 loco
1206 2197 1380 2253 habebantur
1393 2203 1465 2261 acta,
1475 2197 1626 2253 translatio
1634 2206 1664 2252 et
1675 2197 1815 2252 miracula·

141 2271 167 2326 S.
190 2269 343 2337 Benedicti,
356 2284 473 2341 quorum
490 2268 578 2324 moles
593 2268 677 2323 nimia
698 2268 823 2339 impedit,
838 2268 998 2339 quominus
1012 2268 1057 2325 hic
1070 2269 1177 2325 demus.
1196 2269 1297 2325 llnrum
1311 2269 1442 2345 prologus
1457 2268 1495 2323 ita
1511 2267 1633 2340 incipit:

548 2366 659 2436 Accipe,
674 2367 712 2420 mi
732 2365 818 2432 Falce,
832 2367 884 2421 libi
896 2381 956 2437 quoe
971 2367 1130 2422 tetrasticha
1144 2369 1241 2432 ntitto;

586 2438 761 2504 Lenrslatoris
768 2440 876 2509 perlepe
889 2442 964 2505 posta
977 2440 1079 2494 Patris.

549 2510 611 2564 Haec
624 2510 803 2579 tibijucimdo
811 2513 911 2579 scripsi
919 2509 1078 2580 Rodulpbus
1092 2511 1186 2565 amico.

588 2583 621 2636 Ul
640 2585 688 2636 tua
701 2583 735 2636 sit
749 2585 849 2637 nostris
862 2583 960 2637 mentio
972 2584 1048 2650 locta
1061 2583 1149 2637 libris.

176 2681 212 2735 Ex
227 2680 280 2736 hoo
292 2685 421 2751 poemate
436 2679 533 2735 damus
547 2679 646 2735 librum
659 2688 784 2752 quartum
799 2680 993 2736 miraculorum
1015 2698 1086 2746 navt,
1102 2696 1164 2752 quae
1176 2687 1256 2736 antea
1270 2680 1392 2735 Andreas
1402 2681 1559 2737 monachus
1575 2681 1678 2739 soluto
1694 2698 1815 2743 sermone

139 2759 346 2824 composuerat;
361 2758 389 2807 et
400 2752 534 2808 hactenns
550 2767 683 2822 nusquam
698 2752 862 2821 reperimus.
883 2752 1051 2808 blentionem
1067 2754 1149 2824 hujus
1168 2753 1284 2808 Andreae
1304 2752 1369 2807 lacit
1383 2752 1547 2824 lindolphus
1560 2753 1716 2810 Tartarius
1732 2754 1778 2809 lib.
1791 2779 1814 2826 r,

141 2841 202 2896 cap.
219 2823 265 2891 35,
281 2823 325 2879 bis
339 2823 447 2879 verbis:
466 2845 479 2874 a
503 2825 531 2879 ln
546 2823 716 2879 castellionis
729 2823 814 2878 Patris
843 2824 930 2895 ipsius
953 2839 1008 2880 non
1022 2824 1122 2900 exigna
1138 2825 1277 2894 portione,
1300 2824 1348 2878 ubi
1363 2824 1461 2879 beatus
1479 2824 1634 2881 consessor
1664 2827 1816 2885 Passennus

138 2896 185 3023 §de
201 2911 256 2967 quo
272 2902 299 2950 et
314 2896 437 2951 Andreas
450 2895 568 2967 plurima
585 2895 611 2948 in
625 2895 683 2950 suis
698 2895 791 2949 retulit
806 2895 896 2966 dictis)
921 2895 1006 2950 multa
1010 2936 1063 2950 .....
1091 2895 1293 2967 omnipotentis
1312 2895 1450 2968 clemquia
1464 2895 1648 2953 demonstrat
1672 2901 1813 2958 miracula.

159 2966 269 3023 aceedit
289 2967 390 3022 deinde
406 2968 519 3040 quintus
529 2966 601 3022 liber
613 2966 819 3033 miraculorum,
834 2966 869 3020 ab
884 2965 982 3022 eodem
1001 2965 1148 3038 llodulpbo
1163 2967 1348 3038 conscriptus.
1370 2987 1383 3018 s

537 3236 901 3337 MIRACULA
941 3239 992 3337 S.
1037 3239 1405 3340 BENEDICTI

136 3458 201 3524 Quae
218 3457 267 3512 tibi
279 3457 314 3513 de
325 3457 410 3532 gostis
420 3457 566 3530 scripsisse
582 3459 719 3531 stupenda
733 3459 856 3531 paternis
954 3466 980 3533 Α
1029 3460 1060 3515 Et
1080 3458 1141 3515 vitae
1157 3457 1240 3514 baem
1261 3457 1441 3530 consequeris
1455 3458 1590 3514 celerem.

172 3547 276 3602 Dicitur
294 3547 426 3614 Andreas,
444 3548 534 3603 fistula
549 3558 643 3604 nostra
658 3557 743 3605 notat.
992 3551 1054 3620 Cur,
1070 3552 1188 3618 Giralde,
1211 3551 1296 3623 patris
1311 3552 1405 3607 hostes
1420 3566 1469 3622 per
1493 3551 1572 3607 lucra
1588 3554 1710 3610 tueris?

134 3637 168 3693 At
187 3637 314 3693 Lemovii
327 3637 447 3709 populus
461 3639 578 3695 feriente
593 3640 648 3696 Deo
659 3647 799 3712 pateretur

171 3730 265 3803 ignem
281 3730 346 3785 dum
362 3747 480 3798 sacrum,
496 3731 543 3786 dat
561 3732 614 3787 sihi
629 3732 788 3802 consilium,

133 3821 222 3878 Patris
238 3822 369 3895 reliquias
385 3822 445 3878 urbi
465 3835 573 3897 gestare
587 3825 724 3880 verendas
738 3844 745 3892 ;

170 3915 248 3980 Quod
264 3923 410 3987 postquam
426 3915 501 3984 lecit,
518 3916 603 3988 pestis
615 3917 709 3989 iniqua
725 3919 804 3989 peril.

132 4006 206 4062 Vidit
221 4006 286 4061 dum
302 4006 431 4061 feretrum
449 4007 512 4063 lerri
525 4008 689 4064 muliercula
700 4026 820 4078 snorum,

169 4095 234 4160 Qum
248 4099 389 4150 corrlracto
402 4095 536 4165 pedesire
552 4096 684 4167 nequibat
699 4098 759 4165 iter,

133 4188 209 4244 lusit:
225 4187 323 4244 Sancte
337 4187 425 4255 Pater,
441 4188 464 4243 si
477 4203 598 4260 possem,
615 4197 641 4245 te
656 4189 813 4257 comitarer,
909 4257 912 4261 1

167 4281 199 4338 Et
212 4281 286 4353 quod
298 4281 423 4352 depaseit
435 4296 547 4352 prorsus
561 4280 590 4335 id
602 4280 732 4337 obtinuit.

131 4370 228 4428 Mentis
242 4387 329 4444 eques
342 4388 433 4444 prarae
447 4372 499 4427 zeli
512 4372 690 4429 succenditur
704 4372 782 4446 igne:

166 4465 289 4537 Namque
302 4481 381 4520 suum
398 4465 510 4520 fratrum
525 4480 575 4535 per
589 4475 648 4519 sata
662 4464 735 4519 latrat
745 4480 864 4537 equum:

129 4554 474 4628 llumquesecusstagnum
483 4559 623 4626 properat,
635 4553 830 4609 submersusin
840 4571 936 4621 unum,

165 4653 214 4708 Vix
227 4669 313 4725 eques
328 4653 426 4721 erasit,
440 4660 468 4708 at
483 4652 597 4724 sonipes
613 4652 705 4723 periit.

130 4745 258 4811 Queedam
269 4746 379 4818 spiritui
395 4746 484 4803 luerat
503 4762 635 4802 concessa
650 4746 772 4818 procaci,

165 4839 329 4911 lllatispatri
346 4838 463 4912 perfurit
477 4838 522 4894 ille
538 4838 655 4909 probris.

128 4931 247 5000 linierat,
263 4933 377 4989 obsessa
391 4948 421 4989 se
441 4947 497 4988 non
511 4931 585 4987 exire
602 4932 703 5003 puella.

165 5020 221 5076 Sed
235 5020 368 5097 tugiendo
381 5021 477 5096 gemit,
493 5029 575 5094 atque
587 5021 725 5096 gemendo
743 5021 823 5099 legit.

128 5113 291 5185 ltanulphus
306 5114 419 5170 crebras
434 5114 559 5170 inhiabat
572 5114 710 5185 prendere
725 5116 843 5185 prsedas,

95 5273 98 5277 ,
163 5206 289 5272 Quodam
304 5207 350 5262 die
363 5223 429 5264 vero
448 5207 513 5264 lecit
530 5214 560 5263 ut
572 5208 700 5264 assidue:

125 5301 244 5359 Prandia
260 5300 294 5356 de
311 5301 438 5373 lacrymis
453 5300 596 5357 viduarum
608 5302 683 5375 largn
698 5302 811 5373 pararit,

162 5394 254 5450 Prima
266 5395 320 5450 sibi
331 5394 425 5450 lauces
438 5394 557 5450 obstruit
570 5393 623 5450 olla
639 5400 739 5450 traces.

126 5485 242 5553 Praedia,
259 5486 381 5555 Gauteri,
402 5486 467 5559 quia
482 5487 564 5553 tollis,
576 5487 711 5542 dramonis
726 5487 776 5542 atri

154 5573 260 5631 Turbae
270 5576 412 5650 exsequiis
432 5575 525 5635 cernis
540 5576 636 5633 adesse
657 5575 722 5634 tuis.

99 5663 260 5726 Hoaachns
271 5686 302 5728 es
318 5670 424 5745 lactus,
440 5673 550 5733 dudum
564 5673 739 5753 cognomine
754 5671 857 5742 dictus,

1029 3646 1073 3701 Est
1085 3652 1234 3716 conspecta
1247 3645 1297 3700 tibi
1311 3644 1388 3718 virgo
1404 3644 1452 3700 Dei
1469 3645 1591 3720 genitrix
1605 3665 1613 3701 ε

992 3737 1088 3808 Arguit
1101 3736 1170 3808 ipsa,
1186 3752 1252 3791 suos
1267 3735 1369 3792 tuearis
1382 3751 1431 3791 cur
1442 3735 1586 3805 inimicos,

1028 3830 1099 3886 [lxor
1111 3847 1173 3886 cum
1187 3831 1259 3886 natis
1272 3830 1374 3887 occidit
1387 3830 1439 3885 Eva
1455 3830 1521 3886 tuis.

992 3920 1038 3974 Est
1048 3918 1146 3975 domus
1158 3920 1249 3990 ampla
1263 3920 1331 3991 patri
1344 3920 1397 3975 sita
1412 3935 1483 3993 pago
1499 3921 1726 3988 barcinonensi,

1027 4010 1107 4080 Saepe
1122 4014 1235 4065 recatus
1251 4008 1299 4064 ubi
1316 4008 1394 4081 plura
1408 4009 1550 4079 stupenda
1565 4009 1646 4067 facit.

990 4099 1086 4170 Inque
1106 4106 1195 4154 turma
1210 4099 1264 4154 lteo
1275 4096 1423 4154 famulatur
1437 4097 1535 4154 sedula
1550 4098 1678 4166 Cltristo,

1024 4190 1129 4246 Gaudet
1145 4189 1275 4261 praesidio
1291 4195 1347 4258 lua,
1366 4196 1492 4260 patrone,
1509 4197 1576 4258 tuo;

989 4286 1045 4341 lluc
1063 4291 1190 4341 araturus
1204 4284 1338 4341 successit
1352 4284 1432 4340 miles
1446 4284 1562 4353 amicuS,

1024 4378 1101 4433 Extra
1116 4376 1247 4445 dimissis,
1262 4378 1353 4433 donee
1366 4376 1464 4445 abiret,
1480 4376 1570 4448 equis.

989 4472 1040 4528 Fur
1053 4473 1124 4543 rapit
1138 4473 1189 4527 hos
1202 4471 1300 4527 aride:
1325 4470 1415 4526 ricino
1431 4469 1566 4544 mergitur
1577 4486 1683 4540 amne;

1023 4562 1142 4617 Perdere
1155 4576 1225 4633 quos
1241 4560 1339 4625 timuit,
1352 4558 1433 4615 miles
1447 4574 1535 4630 equos
1549 4561 1667 4633 recipit.

988 4657 1127 4714 Classibus
1142 4656 1248 4714 advecti
1264 4661 1414 4727 properant
1432 4654 1498 4710 illue
1511 4655 1647 4731 Agat-eni,

946 4745 972 4814 Β
1019 4748 1159 4813 Quatenus
1176 4746 1239 4821 igne
1255 4751 1390 4811 crement,
1407 4743 1492 4799 rebus
1504 4750 1534 4799 et
1552 4746 1744 4817 exspolient:

985 4838 1112 4894 Fundere
1123 4837 1187 4893 rina
1201 4839 1307 4905 solunt,
1319 4835 1422 4908 glacies
1435 4834 1513 4906 qnasi
1527 4835 1600 4891 dura
1615 4836 1769 4912 rigescunt
1787 4859 1795 4896 ε

1023 4928 1133 5004 lgniset
1148 4927 1265 4997 injectus
1279 4930 1378 4997 sponte
1393 4940 1443 4980 sua
1454 4922 1583 4979 moritur.

988 5019 1151 5075 ludicathos
1165 5014 1264 5072 molles
1273 5022 1300 5071 et
1314 5014 1398 5071 mittit
1409 5020 1464 5070 tres
1478 5012 1633 5082 truciores,

1021 5112 1226 5183 Miraturquare
1241 5108 1288 5164 hat
1303 5109 1390 5164 ethis
1405 5105 1513 5162 simile:

982 5202 1057 5258 Unus
1070 5201 1117 5274 qui
1128 5215 1234 5255 sacram
1249 5197 1378 5255 demoliri
1392 5196 1468 5268 eupit
1483 5211 1571 5265 aram,

1017 5298 1103 5352 letum
1115 5295 1181 5350 dum
1198 5293 1329 5361 librat,se
1345 5290 1471 5348 feriendo
1488 5297 1583 5347 necat.

987 5390 1227 5445 Clerionserectus
1243 5385 1376 5441 suadenti
1393 5399 1476 5456 prava
1486 5391 1634 5457 precatur,

1022 5480 1088 5533 llum
1105 5493 1190 5549 super
1204 5476 1278 5531 hune
1295 5475 1389 5531 volitat
1403 5488 1508 5545 passer,
1524 5473 1552 5528 in
1573 5490 1626 5532 are
1643 5484 1738 5535 cacat.

985 5575 1063 5632 lurat
1081 5573 1126 5629 hic
1140 5573 1239 5627 iratum
1254 5587 1284 5627 se
1304 5570 1387 5642 patri,
1400 5567 1459 5624 sitit
1472 5567 1613 5628 inultam:

1027 5665 1191 5723 ttsceihms
1200 5664 1382 5729 multisonas
1390 5660 1507 5716 saisitis
1519 5661 1585 5718 ruit.
