<?xml version="1.0" encoding="UTF-8"?>
<!DOCTYPE html PUBLIC "-//W3C//DTD XHTML 1.0 Transitional//EN"
    "http://www.w3.org/TR/xhtml1/DTD/xhtml1-transitional.dtd">
<html xmlns="http://www.w3.org/1999/xhtml" xml:lang="en" lang="en">
 <head>
  <title>
</title>
<meta http-equiv="Content-Type" content="text/html;charset=utf-8" />
  <meta name='ocr-system' content='tesseract 3.04.00' />
  <meta name='ocr-capabilities' content='ocr_page ocr_carea ocr_par ocr_line ocrx_word'/>
</head>
<body>
  <div class='ocr_page' id='page_1' title='image "./patrologiaecurs69unkngoog_0299.png"; bbox 0 0 3720 6014; ppageno 0'>
   <div class='ocr_carea' id='block_1_1' title="bbox 157 184 209 245">
    <p class='ocr_par' dir='ltr' id='par_1_1' title="bbox 157 184 209 245">
     <span class='ocr_line' id='line_1_1' title="bbox 157 184 209 245; baseline 0 0"><span class='ocrx_word' id='word_1_1' title='bbox 157 184 209 245; x_wconf 73' lang='lat'><strong>587</strong></span> 
     </span>
    </p>
   </div>
   <div class='ocr_carea' id='block_1_2' title="bbox 771 185 1219 248">
    <p class='ocr_par' dir='ltr' id='par_1_2' title="bbox 771 185 1219 248">
     <span class='ocr_line' id='line_1_2' title="bbox 771 185 1219 248; baseline 0.018 -8"><span class='ocrx_word' id='word_1_2' title='bbox 771 185 940 242; x_wconf 73' lang='lat' dir='ltr'><strong>statuenti</strong></span> <span class='ocrx_word' id='word_1_3' title='bbox 963 187 1219 248; x_wconf 70' lang='lat' dir='ltr'><strong>andelacensis</strong></span> 
     </span>
    </p>
   </div>
   <div class='ocr_carea' id='block_1_3' title="bbox 1769 210 1823 266">
    <p class='ocr_par' dir='ltr' id='par_1_3' title="bbox 1769 210 1823 266">
     <span class='ocr_line' id='line_1_3' title="bbox 1769 210 1823 266; baseline 0 0"><span class='ocrx_word' id='word_1_4' title='bbox 1769 210 1823 266; x_wconf 76' lang='lat'><strong>588</strong></span> 
     </span>
    </p>
   </div>
   <div class='ocr_carea' id='block_1_4' title="bbox 155 313 1825 389">
    <p class='ocr_par' dir='ltr' id='par_1_4' title="bbox 155 313 1825 389">
     <span class='ocr_line' id='line_1_4' title="bbox 155 313 1825 389; baseline 0.009 -16"><span class='ocrx_word' id='word_1_5' title='bbox 155 314 276 389; x_wconf 85' lang='lat' dir='ltr'><strong>eleganti</strong></span> <span class='ocrx_word' id='word_1_6' title='bbox 288 314 401 387; x_wconf 86' lang='lat' dir='ltr'><strong>ingenio</strong></span> <span class='ocrx_word' id='word_1_7' title='bbox 414 313 498 370; x_wconf 88' lang='lat' dir='ltr'><strong>multa</strong></span> <span class='ocrx_word' id='word_1_8' title='bbox 519 313 641 372; x_wconf 89' lang='lat' dir='ltr'><strong>breviter</strong></span> <span class='ocrx_word' id='word_1_9' title='bbox 664 314 787 386; x_wconf 88' lang='lat' dir='ltr'><strong>quidem,</strong></span> <span class='ocrx_word' id='word_1_10' title='bbox 803 315 852 369; x_wconf 90' lang='lat' dir='ltr'><strong>sed</strong></span> <span class='ocrx_word' id='word_1_11' title='bbox 868 315 964 369; x_wconf 88' lang='lat' dir='ltr'><strong>lauda·</strong></span> <span class='ocrx_word' id='word_1_12' title='bbox 976 319 1003 386; x_wconf 77' lang='grc' dir='ltr'>Α</span> <span class='ocrx_word' id='word_1_13' title='bbox 1015 324 1043 372; x_wconf 94' lang='lat' dir='ltr'><strong>et</strong></span> <span class='ocrx_word' id='word_1_14' title='bbox 1057 333 1072 372; x_wconf 89' lang='lat' dir='ltr'><strong>a</strong></span> <span class='ocrx_word' id='word_1_15' title='bbox 1087 320 1291 376; x_wconf 86' lang='lat' dir='ltr'><strong>cousuetudine</strong></span> <span class='ocrx_word' id='word_1_16' title='bbox 1317 321 1510 380; x_wconf 81' lang='lat' dir='ltr'><strong>leodiensium</strong></span> <span class='ocrx_word' id='word_1_17' title='bbox 1526 326 1696 387; x_wconf 81' lang='lat' dir='ltr'><strong>discordant.</strong></span> <span class='ocrx_word' id='word_1_18' title='bbox 1714 333 1825 388; x_wconf 86' lang='lat' dir='ltr'><strong>Descri-</strong></span> 
     </span>
    </p>
   </div>
   <div class='ocr_carea' id='block_1_5' title="bbox 152 408 964 1580">
    <p class='ocr_par' dir='ltr' id='par_1_5' title="bbox 157 408 510 480">
     <span class='ocr_line' id='line_1_5' title="bbox 157 408 510 480; baseline -0.006 -14"><span class='ocrx_word' id='word_1_19' title='bbox 157 412 250 467; x_wconf 88' lang='lat' dir='ltr'><strong>bilitcr</strong></span> <span class='ocrx_word' id='word_1_20' title='bbox 264 408 378 464; x_wconf 78' lang='lat' dir='ltr'><strong>metrice</strong></span> <span class='ocrx_word' id='word_1_21' title='bbox 389 409 510 480; x_wconf 77' lang='lat' dir='ltr'><strong>scripsit.</strong></span> 
     </span>
    </p>

    <p class='ocr_par' dir='ltr' id='par_1_6' title="bbox 152 497 964 1580">
     <span class='ocr_line' id='line_1_6' title="bbox 192 497 964 572; baseline 0.004 -19"><span class='ocrx_word' id='word_1_22' title='bbox 192 497 372 554; x_wconf 67' lang='lat' dir='ltr'><strong>ctattxxt.</strong></span> <span class='ocrx_word' id='word_1_23' title='bbox 394 497 557 572; x_wconf 89' lang='lat' dir='ltr'><strong>Sigebertus</strong></span> <span class='ocrx_word' id='word_1_24' title='bbox 580 499 663 571; x_wconf 86' lang='lat'><strong>(860),</strong></span> <span class='ocrx_word' id='word_1_25' title='bbox 678 499 884 555; x_wconf 82' lang='lat' dir='ltr'><strong>Gemblaceusis</strong></span> <span class='ocrx_word' id='word_1_26' title='bbox 905 515 964 556; x_wconf 88' lang='lat' dir='ltr'><strong>me-</strong></span> 
     </span>
     <span class='ocr_line' id='line_1_7' title="bbox 156 587 962 659; baseline -0.001 -16"><span class='ocrx_word' id='word_1_27' title='bbox 156 588 270 652; x_wconf 87' lang='lat' dir='ltr'><strong>nachus,</strong></span> <span class='ocrx_word' id='word_1_28' title='bbox 286 588 371 643; x_wconf 85' lang='lat' dir='ltr'><strong>multa</strong></span> <span class='ocrx_word' id='word_1_29' title='bbox 397 587 508 658; x_wconf 76' lang='lat' dir='ltr'><strong>scripsit</strong></span> <span class='ocrx_word' id='word_1_30' title='bbox 533 589 668 659; x_wconf 91' lang='lat' dir='ltr'><strong>opuscula</strong></span> <span class='ocrx_word' id='word_1_31' title='bbox 696 588 776 643; x_wconf 84' lang='lat' dir='ltr'><strong>llletis</strong></span> <span class='ocrx_word' id='word_1_32' title='bbox 805 590 911 659; x_wconf 78' lang='lat' dir='ltr'><strong>pesitus</strong></span> <span class='ocrx_word' id='word_1_33' title='bbox 935 589 962 642; x_wconf 94' lang='lat' dir='ltr'><strong>in</strong></span> 
     </span>
     <span class='ocr_line' id='line_1_8' title="bbox 154 657 963 752; baseline -0.002 -18"><span class='ocrx_word' id='word_1_34' title='bbox 154 679 244 752; x_wconf 88' lang='lat' dir='ltr'><strong>prima</strong></span> <span class='ocrx_word' id='word_1_35' title='bbox 259 685 339 735; x_wconf 75' lang='lat' dir='ltr'><strong>aetate</strong></span> <span class='ocrx_word' id='word_1_36' title='bbox 360 678 389 733; x_wconf 93' lang='lat' dir='ltr'><strong>in</strong></span> <span class='ocrx_word' id='word_1_37' title='bbox 421 679 540 734; x_wconf 90' lang='lat' dir='ltr'><strong>ecclesia</strong></span> <span class='ocrx_word' id='word_1_38' title='bbox 573 679 665 733; x_wconf 88' lang='lat' dir='ltr'><strong>Sancti</strong></span> <span class='ocrx_word' id='word_1_39' title='bbox 690 679 836 743; x_wconf 75' lang='lat' dir='ltr'><strong>vincentii,</strong></span> <span class='ocrx_word' id='word_1_40' title='bbox 862 657 963 732; x_wconf 66' lang='lat' dir='ltr'><strong>arsin-</strong></span> 
     </span>
     <span class='ocr_line' id='line_1_9' title="bbox 154 769 962 843; baseline -0.004 -17"><span class='ocrx_word' id='word_1_41' title='bbox 154 771 303 827; x_wconf 87' lang='lat' dir='ltr'><strong>struendos</strong></span> <span class='ocrx_word' id='word_1_42' title='bbox 315 786 427 843; x_wconf 89' lang='lat' dir='ltr'><strong>pueros.</strong></span> <span class='ocrx_word' id='word_1_43' title='bbox 442 771 544 842; x_wconf 90' lang='lat' dir='ltr'><strong>Scripsi</strong></span> <span class='ocrx_word' id='word_1_44' title='bbox 551 771 638 825; x_wconf 90' lang='lat' dir='ltr'><strong>Vitam</strong></span> <span class='ocrx_word' id='word_1_45' title='bbox 649 770 812 826; x_wconf 81' lang='lat' dir='ltr'><strong>Theoderici</strong></span> <span class='ocrx_word' id='word_1_46' title='bbox 826 769 962 840; x_wconf 81' lang='lat' dir='ltr'><strong>episcopi,</strong></span> 
     </span>
     <span class='ocr_line' id='line_1_10' title="bbox 155 860 962 933; baseline -0.005 -15"><span class='ocrx_word' id='word_1_47' title='bbox 155 862 308 919; x_wconf 90' lang='lat' dir='ltr'><strong>conditoris</strong></span> <span class='ocrx_word' id='word_1_48' title='bbox 326 862 415 933; x_wconf 88' lang='lat' dir='ltr'><strong>ipsius</strong></span> <span class='ocrx_word' id='word_1_49' title='bbox 429 861 556 917; x_wconf 85' lang='lat' dir='ltr'><strong>ecclesiae</strong></span> <span class='ocrx_word' id='word_1_50' title='bbox 577 869 604 917; x_wconf 92' lang='lat' dir='ltr'><strong>et</strong></span> <span class='ocrx_word' id='word_1_51' title='bbox 623 860 754 927; x_wconf 79' lang='lat' dir='ltr'><strong>abbatiae,</strong></span> <span class='ocrx_word' id='word_1_52' title='bbox 766 861 793 915; x_wconf 92' lang='lat' dir='ltr'><strong>in</strong></span> <span class='ocrx_word' id='word_1_53' title='bbox 808 877 861 932; x_wconf 89' lang='lat' dir='ltr'><strong>qua</strong></span> <span class='ocrx_word' id='word_1_54' title='bbox 881 860 962 915; x_wconf 90' lang='lat' dir='ltr'><strong>etiam</strong></span> 
     </span>
     <span class='ocr_line' id='line_1_11' title="bbox 154 955 962 1034; baseline -0.006 -21"><span class='ocrx_word' id='word_1_55' title='bbox 154 972 207 1030; x_wconf 90' lang='lat' dir='ltr'><strong>per</strong></span> <span class='ocrx_word' id='word_1_56' title='bbox 224 956 426 1034; x_wconf 76' lang='lat' dir='ltr'><strong>digressionem</strong></span> <span class='ocrx_word' id='word_1_57' title='bbox 442 956 550 1011; x_wconf 91' lang='lat' dir='ltr'><strong>laudem</strong></span> <span class='ocrx_word' id='word_1_58' title='bbox 572 956 660 1027; x_wconf 91' lang='lat' dir='ltr'><strong>ipsius</strong></span> <span class='ocrx_word' id='word_1_59' title='bbox 674 955 751 1011; x_wconf 89' lang='lat' dir='ltr'><strong>urbis</strong></span> <span class='ocrx_word' id='word_1_60' title='bbox 777 955 887 1010; x_wconf 89' lang='lat' dir='ltr'><strong>heroico</strong></span> <span class='ocrx_word' id='word_1_61' title='bbox 900 971 962 1009; x_wconf 93' lang='lat' dir='ltr'><strong>me-</strong></span> 
     </span>
     <span class='ocr_line' id='line_1_12' title="bbox 154 1042 962 1117; baseline -0.006 -16"><span class='ocrx_word' id='word_1_62' title='bbox 154 1053 197 1104; x_wconf 90' lang='lat' dir='ltr'><strong>tro</strong></span> <span class='ocrx_word' id='word_1_63' title='bbox 211 1046 373 1103; x_wconf 88' lang='lat' dir='ltr'><strong>declamavi.</strong></span> <span class='ocrx_word' id='word_1_64' title='bbox 402 1046 506 1117; x_wconf 89' lang='lat' dir='ltr'><strong>Scripsi</strong></span> <span class='ocrx_word' id='word_1_65' title='bbox 530 1044 687 1100; x_wconf 82' lang='lat' dir='ltr'><strong>Passionem</strong></span> <span class='ocrx_word' id='word_1_66' title='bbox 717 1053 818 1100; x_wconf 80' lang='lat' dir='ltr'><strong>sanctae</strong></span> <span class='ocrx_word' id='word_1_67' title='bbox 860 1042 962 1110; x_wconf 82' lang='lat' dir='ltr'><strong>Luciae,</strong></span> 
     </span>
     <span class='ocr_line' id='line_1_13' title="bbox 154 1138 962 1214; baseline -0.007 -17"><span class='ocrx_word' id='word_1_68' title='bbox 154 1157 216 1214; x_wconf 81' lang='lat' dir='ltr'><strong>quae</strong></span> <span class='ocrx_word' id='word_1_69' title='bbox 228 1139 267 1197; x_wconf 89' lang='lat' dir='ltr'><strong>ibi</strong></span> <span class='ocrx_word' id='word_1_70' title='bbox 282 1139 442 1212; x_wconf 89' lang='lat' dir='ltr'><strong>requiescit,</strong></span> <span class='ocrx_word' id='word_1_71' title='bbox 458 1139 562 1196; x_wconf 81' lang='lat' dir='ltr'><strong>alcaico</strong></span> <span class='ocrx_word' id='word_1_72' title='bbox 578 1149 675 1196; x_wconf 87' lang='lat' dir='ltr'><strong>metro.</strong></span> <span class='ocrx_word' id='word_1_73' title='bbox 695 1139 863 1204; x_wconf 78' lang='lat' dir='ltr'><strong>Quibusdam</strong></span> <span class='ocrx_word' id='word_1_74' title='bbox 880 1138 962 1192; x_wconf 90' lang='lat' dir='ltr'><strong>etiam</strong></span> 
     </span>
     <span class='ocr_line' id='line_1_14' title="bbox 154 1228 961 1301; baseline -0.002 -17"><span class='ocrx_word' id='word_1_75' title='bbox 154 1228 423 1301; x_wconf 75' lang='lat' dir='ltr'><strong>reprehendentibus</strong></span> <span class='ocrx_word' id='word_1_76' title='bbox 438 1229 511 1283; x_wconf 92' lang='lat' dir='ltr'><strong>illam</strong></span> <span class='ocrx_word' id='word_1_77' title='bbox 538 1238 641 1285; x_wconf 81' lang='lat' dir='ltr'><strong>sanctae</strong></span> <span class='ocrx_word' id='word_1_78' title='bbox 665 1229 754 1284; x_wconf 78' lang='lat' dir='ltr'><strong>luciae</strong></span> <span class='ocrx_word' id='word_1_79' title='bbox 778 1228 961 1300; x_wconf 88' lang='lat' dir='ltr'><strong>prophetiam,</strong></span> 
     </span>
     <span class='ocr_line' id='line_1_15' title="bbox 152 1321 963 1391; baseline -0.006 -12"><span class='ocrx_word' id='word_1_80' title='bbox 152 1325 293 1379; x_wconf 66' lang='lat' dir='ltr'><strong>annuntio</strong></span> <span class='ocrx_word' id='word_1_81' title='bbox 304 1323 379 1378; x_wconf 64' lang='lat' dir='ltr'><strong>eoba</strong></span> <span class='ocrx_word' id='word_1_82' title='bbox 403 1338 497 1391; x_wconf 84' lang='lat' dir='ltr'><strong>pacem</strong></span> <span class='ocrx_word' id='word_1_83' title='bbox 527 1324 655 1379; x_wconf 75' lang='lat' dir='ltr'><strong>Ecclesia</strong></span> <span class='ocrx_word' id='word_1_84' title='bbox 673 1325 722 1378; x_wconf 73' lang='lat' dir='ltr'><strong>lter·</strong></span> <span class='ocrx_word' id='word_1_85' title='bbox 735 1324 840 1388; x_wconf 85' lang='lat' dir='ltr'><strong>datam,</strong></span> <span class='ocrx_word' id='word_1_86' title='bbox 858 1321 963 1377; x_wconf 85' lang='lat' dir='ltr'><strong>lliocle·</strong></span> 
     </span>
     <span class='ocr_line' id='line_1_16' title="bbox 154 1410 960 1487; baseline -0.006 -18"><span class='ocrx_word' id='word_1_87' title='bbox 154 1413 229 1471; x_wconf 81' lang='lat' dir='ltr'><strong>tiano</strong></span> <span class='ocrx_word' id='word_1_88' title='bbox 248 1413 337 1483; x_wconf 84' lang='lat' dir='ltr'><strong>eiecto</strong></span> <span class='ocrx_word' id='word_1_89' title='bbox 356 1413 392 1467; x_wconf 93' lang='lat' dir='ltr'><strong>dc</strong></span> <span class='ocrx_word' id='word_1_90' title='bbox 423 1427 508 1487; x_wconf 89' lang='lat' dir='ltr'><strong>regno</strong></span> <span class='ocrx_word' id='word_1_91' title='bbox 540 1427 601 1478; x_wconf 91' lang='lat' dir='ltr'><strong>suo,</strong></span> <span class='ocrx_word' id='word_1_92' title='bbox 631 1420 659 1467; x_wconf 91' lang='lat' dir='ltr'><strong>et</strong></span> <span class='ocrx_word' id='word_1_93' title='bbox 686 1412 850 1466; x_wconf 77' lang='lat' dir='ltr'><strong>Maximiano</strong></span> <span class='ocrx_word' id='word_1_94' title='bbox 879 1410 960 1465; x_wconf 89' lang='lat' dir='ltr'><strong>hodic</strong></span> 
     </span>
     <span class='ocr_line' id='line_1_17' title="bbox 153 1504 961 1580; baseline -0.011 -15"><span class='ocrx_word' id='word_1_95' title='bbox 153 1513 274 1575; x_wconf 89' lang='lat' dir='ltr'><strong>mortuo,</strong></span> <span class='ocrx_word' id='word_1_96' title='bbox 291 1504 420 1577; x_wconf 88' lang='lat' dir='ltr'><strong>respondi</strong></span> <span class='ocrx_word' id='word_1_97' title='bbox 434 1504 582 1580; x_wconf 85' lang='lat' dir='ltr'><strong>diligenter</strong></span> <span class='ocrx_word' id='word_1_98' title='bbox 600 1505 776 1561; x_wconf 87' lang='lat' dir='ltr'><strong>considerata</strong></span> <span class='ocrx_word' id='word_1_99' title='bbox 806 1512 961 1573; x_wconf 87' lang='lat' dir='ltr'><strong>temporum</strong></span> 
     </span>
    </p>
   </div>
   <div class='ocr_carea' id='block_1_6' title="bbox 1011 411 1828 1574">
    <p class='ocr_par' dir='ltr' id='par_1_7' title="bbox 1011 411 1828 1574">
     <span class='ocr_line' id='line_1_18' title="bbox 1015 411 1826 492; baseline 0.022 -29"><span class='ocrx_word' id='word_1_100' title='bbox 1015 411 1056 478; x_wconf 92' lang='lat' dir='ltr'><strong>psi</strong></span> <span class='ocrx_word' id='word_1_101' title='bbox 1073 411 1183 466; x_wconf 89' lang='lat' dir='ltr'><strong>heroico</strong></span> <span class='ocrx_word' id='word_1_102' title='bbox 1199 421 1284 468; x_wconf 91' lang='lat' dir='ltr'><strong>metro</strong></span> <span class='ocrx_word' id='word_1_103' title='bbox 1300 416 1494 485; x_wconf 87' lang='lat' dir='ltr'><strong>Ecclesiasteu,</strong></span> <span class='ocrx_word' id='word_1_104' title='bbox 1511 436 1593 490; x_wconf 89' lang='lat' dir='ltr'><strong>quem</strong></span> <span class='ocrx_word' id='word_1_105' title='bbox 1609 438 1692 492; x_wconf 91' lang='lat' dir='ltr'><strong>opere</strong></span> <span class='ocrx_word' id='word_1_106' title='bbox 1704 434 1826 482; x_wconf 85' lang='lat' dir='ltr'><strong>stroma-</strong></span> 
     </span>
     <span class='ocr_line' id='line_1_19' title="bbox 1015 500 1828 587; baseline 0.02 -33"><span class='ocrx_word' id='word_1_107' title='bbox 1015 505 1059 554; x_wconf 88' lang='lat' dir='ltr'><strong>teo</strong></span> <span class='ocrx_word' id='word_1_108' title='bbox 1075 500 1220 570; x_wconf 83' lang='lat' dir='ltr'><strong>tripliciter</strong></span> <span class='ocrx_word' id='word_1_109' title='bbox 1238 502 1349 575; x_wconf 84' lang='lat' dir='ltr'><strong>digessi,</strong></span> <span class='ocrx_word' id='word_1_110' title='bbox 1367 506 1401 558; x_wconf 82' lang='lat' dir='ltr'><strong>ad</strong></span> <span class='ocrx_word' id='word_1_111' title='bbox 1429 507 1561 576; x_wconf 90' lang='lat' dir='ltr'><strong>litteram,</strong></span> <span class='ocrx_word' id='word_1_112' title='bbox 1582 511 1742 584; x_wconf 78' lang='lat' dir='ltr'><strong>allegorice,</strong></span> <span class='ocrx_word' id='word_1_113' title='bbox 1765 532 1828 587; x_wconf 79' lang='lat' dir='ltr'><strong>my-</strong></span> 
     </span>
     <span class='ocr_line' id='line_1_20' title="bbox 1014 588 1825 674; baseline 0.023 -34"><span class='ocrx_word' id='word_1_114' title='bbox 1014 588 1163 662; x_wconf 84' lang='lat' dir='ltr'><strong>thologice.</strong></span> <span class='ocrx_word' id='word_1_115' title='bbox 1178 592 1300 647; x_wconf 87' lang='lat' dir='ltr'><strong>imitatus</strong></span> <span class='ocrx_word' id='word_1_116' title='bbox 1314 595 1463 650; x_wconf 81' lang='lat' dir='ltr'><strong>Eusebium</strong></span> <span class='ocrx_word' id='word_1_117' title='bbox 1492 598 1638 670; x_wconf 89' lang='lat' dir='ltr'><strong>Pamphili,</strong></span> <span class='ocrx_word' id='word_1_118' title='bbox 1656 604 1703 674; x_wconf 92' lang='lat' dir='ltr'><strong>qui</strong></span> <span class='ocrx_word' id='word_1_119' title='bbox 1716 605 1825 674; x_wconf 90' lang='lat' dir='ltr'><strong>primus</strong></span> 
     </span>
     <span class='ocr_line' id='line_1_21' title="bbox 1015 678 1825 768; baseline 0.025 -39"><span class='ocrx_word' id='word_1_120' title='bbox 1015 678 1086 746; x_wconf 90' lang='lat' dir='ltr'><strong>apud</strong></span> <span class='ocrx_word' id='word_1_121' title='bbox 1104 679 1213 735; x_wconf 67' lang='lat' dir='ltr'><strong>Graecos</strong></span> <span class='ocrx_word' id='word_1_122' title='bbox 1237 679 1371 738; x_wconf 87' lang='lat' dir='ltr'><strong>Chronica</strong></span> <span class='ocrx_word' id='word_1_123' title='bbox 1397 694 1518 756; x_wconf 88' lang='lat' dir='ltr'><strong>tempore</strong></span> <span class='ocrx_word' id='word_1_124' title='bbox 1549 689 1666 747; x_wconf 72' lang='lat' dir='ltr'><strong>Abrahae</strong></span> <span class='ocrx_word' id='word_1_125' title='bbox 1697 693 1825 768; x_wconf 77' lang='lat' dir='ltr'><strong>digessit,</strong></span> 
     </span>
     <span class='ocr_line' id='line_1_22' title="bbox 1015 767 1828 856; baseline 0.027 -36"><span class='ocrx_word' id='word_1_126' title='bbox 1015 767 1073 838; x_wconf 85' lang='lat' dir='ltr'><strong>ipse</strong></span> <span class='ocrx_word' id='word_1_127' title='bbox 1087 786 1200 842; x_wconf 89' lang='lat' dir='ltr'><strong>quoqne</strong></span> <span class='ocrx_word' id='word_1_128' title='bbox 1215 789 1230 827; x_wconf 90' lang='lat' dir='ltr'><strong>a</strong></span> <span class='ocrx_word' id='word_1_129' title='bbox 1246 773 1307 829; x_wconf 93' lang='lat' dir='ltr'><strong>loeo</strong></span> <span class='ocrx_word' id='word_1_130' title='bbox 1324 775 1537 834; x_wconf 90' lang='lat' dir='ltr'><strong>intermissionis</strong></span> <span class='ocrx_word' id='word_1_131' title='bbox 1551 783 1611 850; x_wconf 89' lang='lat' dir='ltr'><strong>ejus</strong></span> <span class='ocrx_word' id='word_1_132' title='bbox 1621 799 1709 856; x_wconf 91' lang='lat' dir='ltr'><strong>usque</strong></span> <span class='ocrx_word' id='word_1_133' title='bbox 1725 786 1759 840; x_wconf 89' lang='lat' dir='ltr'><strong>ad</strong></span> <span class='ocrx_word' id='word_1_134' title='bbox 1775 803 1828 842; x_wconf 87' lang='lat' dir='ltr'><strong>au·</strong></span> 
     </span>
     <span class='ocr_line' id='line_1_23' title="bbox 1014 862 1828 945; baseline 0.031 -33"><span class='ocrx_word' id='word_1_135' title='bbox 1014 875 1079 914; x_wconf 90' lang='lat' dir='ltr'><strong>nuur</strong></span> <span class='ocrx_word' id='word_1_136' title='bbox 1098 862 1162 915; x_wconf 88' lang='lat' dir='ltr'><strong>llll</strong></span> <span class='ocrx_word' id='word_1_137' title='bbox 1185 877 1294 919; x_wconf 86' lang='lat' dir='ltr'><strong>onrnem</strong></span> <span class='ocrx_word' id='word_1_138' title='bbox 1311 870 1540 938; x_wconf 83' lang='lat' dir='ltr'><strong>consequentiam</strong></span> <span class='ocrx_word' id='word_1_139' title='bbox 1556 878 1725 945; x_wconf 88' lang='lat' dir='ltr'><strong>temporum,</strong></span> <span class='ocrx_word' id='word_1_140' title='bbox 1743 887 1771 934; x_wconf 89' lang='lat' dir='ltr'><strong>et</strong></span> <span class='ocrx_word' id='word_1_141' title='bbox 1786 897 1828 937; x_wconf 88' lang='lat' dir='ltr'><strong>re·</strong></span> 
     </span>
     <span class='ocr_line' id='line_1_24' title="bbox 1015 963 1827 1041; baseline 0.032 -36"><span class='ocrx_word' id='word_1_142' title='bbox 1015 963 1234 1028; x_wconf 87' lang='lat' dir='ltr'><strong>rumgcstarum,</strong></span> <span class='ocrx_word' id='word_1_143' title='bbox 1250 968 1353 1030; x_wconf 88' lang='lat' dir='ltr'><strong>quanta</strong></span> <span class='ocrx_word' id='word_1_144' title='bbox 1365 963 1442 1032; x_wconf 92' lang='lat' dir='ltr'><strong>potui</strong></span> <span class='ocrx_word' id='word_1_145' title='bbox 1454 965 1516 1035; x_wconf 80' lang='lat' dir='ltr'><strong>styli</strong></span> <span class='ocrx_word' id='word_1_146' title='bbox 1539 971 1733 1041; x_wconf 86' lang='lat' dir='ltr'><strong>temperantia,</strong></span> <span class='ocrx_word' id='word_1_147' title='bbox 1749 976 1827 1031; x_wconf 91' lang='lat' dir='ltr'><strong>ordi·</strong></span> 
     </span>
     <span class='ocr_line' id='line_1_25' title="bbox 1014 1047 1827 1140; baseline 0.03 -41"><span class='ocrx_word' id='word_1_148' title='bbox 1014 1047 1087 1101; x_wconf 91' lang='lat' dir='ltr'><strong>navi.</strong></span> <span class='ocrx_word' id='word_1_149' title='bbox 1109 1048 1175 1103; x_wconf 83' lang='lat' dir='ltr'><strong>Cum</strong></span> <span class='ocrx_word' id='word_1_150' title='bbox 1187 1049 1336 1125; x_wconf 79' lang='lat' dir='ltr'><strong>diligenter</strong></span> <span class='ocrx_word' id='word_1_151' title='bbox 1350 1053 1450 1109; x_wconf 87' lang='lat' dir='ltr'><strong>Bedam</strong></span> <span class='ocrx_word' id='word_1_152' title='bbox 1467 1057 1503 1112; x_wconf 87' lang='lat' dir='ltr'><strong>lle</strong></span> <span class='ocrx_word' id='word_1_153' title='bbox 1518 1062 1688 1131; x_wconf 87' lang='lat' dir='ltr'><strong>temporibus</strong></span> <span class='ocrx_word' id='word_1_154' title='bbox 1717 1066 1827 1140; x_wconf 89' lang='lat' dir='ltr'><strong>relege-</strong></span> 
     </span>
     <span class='ocr_line' id='line_1_26' title="bbox 1014 1138 1827 1220; baseline 0.028 -32"><span class='ocrx_word' id='word_1_155' title='bbox 1014 1150 1081 1201; x_wconf 86' lang='lat' dir='ltr'><strong>rem,</strong></span> <span class='ocrx_word' id='word_1_156' title='bbox 1095 1142 1123 1191; x_wconf 87' lang='lat' dir='ltr'><strong>et</strong></span> <span class='ocrx_word' id='word_1_157' title='bbox 1135 1138 1212 1193; x_wconf 89' lang='lat' dir='ltr'><strong>abeo</strong></span> <span class='ocrx_word' id='word_1_158' title='bbox 1232 1148 1325 1195; x_wconf 92' lang='lat' dir='ltr'><strong>notam</strong></span> <span class='ocrx_word' id='word_1_159' title='bbox 1339 1141 1434 1198; x_wconf 76' lang='lat' dir='ltr'><strong>ironiae</strong></span> <span class='ocrx_word' id='word_1_160' title='bbox 1451 1145 1580 1217; x_wconf 85' lang='lat' dir='ltr'><strong>ltionysio</strong></span> <span class='ocrx_word' id='word_1_161' title='bbox 1600 1151 1739 1220; x_wconf 82' lang='lat' dir='ltr'><strong>cyclorum</strong></span> <span class='ocrx_word' id='word_1_162' title='bbox 1755 1157 1827 1212; x_wconf 90' lang='lat' dir='ltr'><strong>scri·</strong></span> 
     </span>
     <span class='ocr_line' id='line_1_27' title="bbox 1014 1224 1827 1307; baseline 0.032 -32"><span class='ocrx_word' id='word_1_163' title='bbox 1014 1224 1086 1293; x_wconf 88' lang='lat' dir='ltr'><strong>ptori</strong></span> <span class='ocrx_word' id='word_1_164' title='bbox 1097 1225 1185 1301; x_wconf 88' lang='lat' dir='ltr'><strong>inlligi</strong></span> <span class='ocrx_word' id='word_1_165' title='bbox 1199 1228 1331 1295; x_wconf 83' lang='lat' dir='ltr'><strong>viderent,</strong></span> <span class='ocrx_word' id='word_1_166' title='bbox 1348 1231 1413 1303; x_wconf 89' lang='lat' dir='ltr'><strong>quia</strong></span> <span class='ocrx_word' id='word_1_167' title='bbox 1430 1234 1500 1288; x_wconf 86' lang='lat' dir='ltr'><strong>nrale</strong></span> <span class='ocrx_word' id='word_1_168' title='bbox 1516 1235 1660 1307; x_wconf 85' lang='lat' dir='ltr'><strong>dispositis</strong></span> <span class='ocrx_word' id='word_1_169' title='bbox 1676 1243 1758 1298; x_wconf 90' lang='lat' dir='ltr'><strong>anuis</strong></span> <span class='ocrx_word' id='word_1_170' title='bbox 1773 1245 1827 1301; x_wconf 86' lang='lat' dir='ltr'><strong>Do·</strong></span> 
     </span>
     <span class='ocr_line' id='line_1_28' title="bbox 1014 1315 1826 1396; baseline 0.033 -28"><span class='ocrx_word' id='word_1_171' title='bbox 1014 1315 1123 1371; x_wconf 80' lang='lat' dir='ltr'><strong>minicae</strong></span> <span class='ocrx_word' id='word_1_172' title='bbox 1144 1318 1295 1388; x_wconf 86' lang='lat' dir='ltr'><strong>passionis,</strong></span> <span class='ocrx_word' id='word_1_173' title='bbox 1316 1321 1343 1376; x_wconf 89' lang='lat' dir='ltr'><strong>in</strong></span> <span class='ocrx_word' id='word_1_174' title='bbox 1355 1324 1481 1379; x_wconf 89' lang='lat' dir='ltr'><strong>terminis</strong></span> <span class='ocrx_word' id='word_1_175' title='bbox 1495 1328 1675 1396; x_wconf 88' lang='lat' dir='ltr'><strong>paschalibus</strong></span> <span class='ocrx_word' id='word_1_176' title='bbox 1685 1336 1826 1395; x_wconf 86' lang='lat' dir='ltr'><strong>contraire</strong></span> 
     </span>
     <span class='ocr_line' id='line_1_29' title="bbox 1013 1407 1824 1495; baseline 0.03 -38"><span class='ocrx_word' id='word_1_177' title='bbox 1013 1420 1062 1474; x_wconf 89' lang='lat' dir='ltr'><strong>per</strong></span> <span class='ocrx_word' id='word_1_178' title='bbox 1079 1407 1171 1460; x_wconf 89' lang='lat' dir='ltr'><strong>omnia</strong></span> <span class='ocrx_word' id='word_1_179' title='bbox 1184 1407 1326 1465; x_wconf 88' lang='lat' dir='ltr'><strong>videretur</strong></span> <span class='ocrx_word' id='word_1_180' title='bbox 1338 1409 1619 1487; x_wconf 82' lang='lat' dir='ltr'><strong>Evangelieloanuis,</strong></span> <span class='ocrx_word' id='word_1_181' title='bbox 1632 1420 1747 1495; x_wconf 87' lang='lat' dir='ltr'><strong>dignum</strong></span> <span class='ocrx_word' id='word_1_182' title='bbox 1756 1425 1824 1481; x_wconf 90' lang='lat' dir='ltr'><strong>mibi</strong></span> 
     </span>
     <span class='ocr_line' id='line_1_30' title="bbox 1011 1497 1822 1574; baseline 0.028 -23"><span class='ocrx_word' id='word_1_183' title='bbox 1011 1497 1101 1552; x_wconf 89' lang='lat' dir='ltr'><strong>visum</strong></span> <span class='ocrx_word' id='word_1_184' title='bbox 1111 1505 1162 1566; x_wconf 91' lang='lat' dir='ltr'><strong>est,</strong></span> <span class='ocrx_word' id='word_1_185' title='bbox 1178 1500 1259 1556; x_wconf 90' lang='lat' dir='ltr'><strong>altius</strong></span> <span class='ocrx_word' id='word_1_186' title='bbox 1268 1505 1550 1573; x_wconf 89' lang='lat' dir='ltr'><strong>repetendo,onmem</strong></span> <span class='ocrx_word' id='word_1_187' title='bbox 1560 1510 1701 1570; x_wconf 90' lang='lat' dir='ltr'><strong>dimovere</strong></span> <span class='ocrx_word' id='word_1_188' title='bbox 1718 1517 1822 1574; x_wconf 91' lang='lat' dir='ltr'><strong>nubem</strong></span> 
     </span>
    </p>
   </div>
   <div class='ocr_carea' id='block_1_7' title="bbox 150 1587 1827 2407">
    <p class='ocr_par' dir='ltr' id='par_1_8' title="bbox 150 1587 1827 2407">
     <span class='ocr_line' id='line_1_31' title="bbox 153 1587 1827 1668; baseline 0.013 -28"><span class='ocrx_word' id='word_1_189' title='bbox 153 1601 270 1667; x_wconf 58' lang='lat' dir='ltr'><strong>mione,</strong></span> <span class='ocrx_word' id='word_1_190' title='bbox 285 1605 313 1655; x_wconf 66' lang='lat'><strong>02</strong></span> <span class='ocrx_word' id='word_1_191' title='bbox 328 1612 419 1654; x_wconf 64' lang='lat' dir='ltr'><strong>iesum</strong></span> <span class='ocrx_word' id='word_1_192' title='bbox 433 1598 558 1653; x_wconf 67' lang='lat' dir='ltr'><strong>veritate,</strong></span> <span class='ocrx_word' id='word_1_193' title='bbox 576 1597 678 1668; x_wconf 64' lang='lat' dir='ltr'><strong>scripsi</strong></span> <span class='ocrx_word' id='word_1_194' title='bbox 706 1596 888 1653; x_wconf 74' lang='lat' dir='ltr'><strong>nihilominus</strong></span> <span class='ocrx_word' id='word_1_195' title='bbox 903 1611 963 1650; x_wconf 77' lang='lat' dir='ltr'><strong>sar·</strong></span> <span class='ocrx_word' id='word_1_196' title='bbox 1014 1587 1125 1655; x_wconf 90' lang='lat' dir='ltr'><strong>erroris,</strong></span> <span class='ocrx_word' id='word_1_197' title='bbox 1141 1595 1165 1649; x_wconf 75' lang='lat' dir='ltr'><strong>at</strong></span> <span class='ocrx_word' id='word_1_198' title='bbox 1178 1606 1272 1646; x_wconf 90' lang='lat' dir='ltr'><strong>verum</strong></span> <span class='ocrx_word' id='word_1_199' title='bbox 1288 1591 1468 1668; x_wconf 78' lang='lat' dir='ltr'><strong>diligentibus</strong></span> <span class='ocrx_word' id='word_1_200' title='bbox 1480 1597 1627 1654; x_wconf 88' lang='lat' dir='ltr'><strong>infundere</strong></span> <span class='ocrx_word' id='word_1_201' title='bbox 1642 1602 1735 1658; x_wconf 89' lang='lat' dir='ltr'><strong>lumen</strong></span> <span class='ocrx_word' id='word_1_202' title='bbox 1751 1607 1827 1661; x_wconf 90' lang='lat' dir='ltr'><strong>veri-</strong></span> 
     </span>
     <span class='ocr_line' id='line_1_32' title="bbox 151 1675 1827 1769; baseline 0.014 -43"><span class='ocrx_word' id='word_1_203' title='bbox 151 1703 262 1745; x_wconf 58' lang='lat' dir='ltr'><strong>monem</strong></span> <span class='ocrx_word' id='word_1_204' title='bbox 284 1689 312 1745; x_wconf 71' lang='lat' dir='ltr'><strong>j„</strong></span> <span class='ocrx_word' id='word_1_205' title='bbox 326 1689 435 1744; x_wconf 57' lang='lat' dir='ltr'>laudem</span> <span class='ocrx_word' id='word_1_206' title='bbox 447 1688 538 1759; x_wconf 61' lang='lat' dir='ltr'><strong>ipsius</strong></span> <span class='ocrx_word' id='word_1_207' title='bbox 550 1689 675 1761; x_wconf 53' lang='lat' dir='ltr'><strong>virginis,</strong></span> <span class='ocrx_word' id='word_1_208' title='bbox 689 1688 717 1743; x_wconf 71' lang='lat' dir='ltr'><strong>jn</strong></span> <span class='ocrx_word' id='word_1_209' title='bbox 732 1705 789 1761; x_wconf 70' lang='lat' dir='ltr'><strong>quo</strong></span> <span class='ocrx_word' id='word_1_210' title='bbox 804 1688 963 1744; x_wconf 55' lang='lat' dir='ltr'><strong>gangim).</strong></span> <span class='ocrx_word' id='word_1_211' title='bbox 1015 1675 1085 1731; x_wconf 88' lang='lat' dir='ltr'><strong>tatis.</strong></span> <span class='ocrx_word' id='word_1_212' title='bbox 1102 1676 1243 1750; x_wconf 88' lang='lat' dir='ltr'><strong>Siquidem</strong></span> <span class='ocrx_word' id='word_1_213' title='bbox 1256 1679 1395 1736; x_wconf 89' lang='lat' dir='ltr'><strong>llarianus</strong></span> <span class='ocrx_word' id='word_1_214' title='bbox 1411 1683 1519 1751; x_wconf 83' lang='lat' dir='ltr'><strong>Scelus,</strong></span> <span class='ocrx_word' id='word_1_215' title='bbox 1536 1686 1578 1741; x_wconf 89' lang='lat' dir='ltr'><strong>vir</strong></span> <span class='ocrx_word' id='word_1_216' title='bbox 1597 1704 1647 1745; x_wconf 89' lang='lat' dir='ltr'><strong>sue</strong></span> <span class='ocrx_word' id='word_1_217' title='bbox 1663 1707 1721 1748; x_wconf 79' lang='lat' dir='ltr'><strong>are</strong></span> <span class='ocrx_word' id='word_1_218' title='bbox 1741 1693 1827 1769; x_wconf 87' lang='lat' dir='ltr'><strong>longe</strong></span> 
     </span>
     <span class='ocr_line' id='line_1_33' title="bbox 152 1770 1825 1853; baseline 0.005 -19"><span class='ocrx_word' id='word_1_219' title='bbox 152 1780 440 1853; x_wconf 87' lang='lat' dir='ltr'><strong>uesipsiusaSicilia</strong></span> <span class='ocrx_word' id='word_1_220' title='bbox 468 1780 496 1835; x_wconf 92' lang='lat' dir='ltr'><strong>in</strong></span> <span class='ocrx_word' id='word_1_221' title='bbox 523 1778 685 1845; x_wconf 80' lang='lat' dir='ltr'><strong>Corfinium,</strong></span> <span class='ocrx_word' id='word_1_222' title='bbox 703 1780 845 1835; x_wconf 91' lang='lat' dir='ltr'><strong>civitatem</strong></span> <span class='ocrx_word' id='word_1_223' title='bbox 867 1776 960 1839; x_wconf 85' lang='lat' dir='ltr'><strong>ltaliae,</strong></span> <span class='ocrx_word' id='word_1_224' title='bbox 1014 1770 1145 1839; x_wconf 87' lang='lat' dir='ltr'><strong>disertus,</strong></span> <span class='ocrx_word' id='word_1_225' title='bbox 1161 1774 1213 1830; x_wconf 76' lang='lat' dir='ltr'><strong>hoc</strong></span> <span class='ocrx_word' id='word_1_226' title='bbox 1242 1774 1315 1831; x_wconf 70' lang='lat' dir='ltr'><strong>idem</strong></span> <span class='ocrx_word' id='word_1_227' title='bbox 1349 1777 1493 1851; x_wconf 73' lang='lat' dir='ltr'><strong>ingressus</strong></span> <span class='ocrx_word' id='word_1_228' title='bbox 1519 1790 1588 1847; x_wconf 86' lang='lat' dir='ltr'><strong>erat.</strong></span> <span class='ocrx_word' id='word_1_229' title='bbox 1613 1792 1641 1840; x_wconf 93' lang='lat' dir='ltr'><strong>et</strong></span> <span class='ocrx_word' id='word_1_230' title='bbox 1659 1786 1825 1844; x_wconf 71' lang='lat' dir='ltr'><strong>chronicam</strong></span> 
     </span>
     <span class='ocr_line' id='line_1_34' title="bbox 153 1867 1825 1947; baseline 0.01 -24"><span class='ocrx_word' id='word_1_231' title='bbox 153 1873 181 1923; x_wconf 87' lang='lat' dir='ltr'><strong>et</strong></span> <span class='ocrx_word' id='word_1_232' title='bbox 195 1884 210 1923; x_wconf 89' lang='lat' dir='ltr'><strong>a</strong></span> <span class='ocrx_word' id='word_1_233' title='bbox 225 1867 344 1925; x_wconf 75' lang='lat' dir='ltr'><strong>Corfinio</strong></span> <span class='ocrx_word' id='word_1_234' title='bbox 358 1868 387 1923; x_wconf 93' lang='lat' dir='ltr'><strong>in</strong></span> <span class='ocrx_word' id='word_1_235' title='bbox 401 1867 503 1931; x_wconf 90' lang='lat' dir='ltr'><strong>lletim,</strong></span> <span class='ocrx_word' id='word_1_236' title='bbox 520 1867 617 1924; x_wconf 89' lang='lat' dir='ltr'><strong>urbem</strong></span> <span class='ocrx_word' id='word_1_237' title='bbox 635 1867 739 1935; x_wconf 85' lang='lat' dir='ltr'><strong>Galliae,</strong></span> <span class='ocrx_word' id='word_1_238' title='bbox 755 1868 883 1924; x_wconf 89' lang='lat' dir='ltr'><strong>ordinata</strong></span> <span class='ocrx_word' id='word_1_239' title='bbox 893 1872 963 1921; x_wconf 91' lang='lat' dir='ltr'><strong>tem·</strong></span> <span class='ocrx_word' id='word_1_240' title='bbox 1014 1880 1090 1919; x_wconf 86' lang='lat' dir='ltr'><strong>suam</strong></span> <span class='ocrx_word' id='word_1_241' title='bbox 1107 1872 1202 1921; x_wconf 87' lang='lat' dir='ltr'><strong>texens</strong></span> <span class='ocrx_word' id='word_1_242' title='bbox 1215 1882 1230 1922; x_wconf 91' lang='lat' dir='ltr'><strong>a</strong></span> <span class='ocrx_word' id='word_1_243' title='bbox 1243 1868 1385 1925; x_wconf 89' lang='lat' dir='ltr'><strong>nativitate</strong></span> <span class='ocrx_word' id='word_1_244' title='bbox 1402 1869 1500 1928; x_wconf 82' lang='lat' dir='ltr'><strong>Christi</strong></span> <span class='ocrx_word' id='word_1_245' title='bbox 1516 1891 1604 1947; x_wconf 88' lang='lat' dir='ltr'><strong>usque</strong></span> <span class='ocrx_word' id='word_1_246' title='bbox 1619 1878 1653 1932; x_wconf 91' lang='lat' dir='ltr'><strong>ad</strong></span> <span class='ocrx_word' id='word_1_247' title='bbox 1662 1886 1765 1937; x_wconf 89' lang='lat' dir='ltr'><strong>statum</strong></span> <span class='ocrx_word' id='word_1_248' title='bbox 1782 1885 1825 1941; x_wconf 90' lang='lat' dir='ltr'><strong>sui</strong></span> 
     </span>
     <span class='ocr_line' id='line_1_35' title="bbox 153 1956 1824 2051; baseline 0.013 -37"><span class='ocrx_word' id='word_1_249' title='bbox 153 1973 250 2030; x_wconf 87' lang='lat' dir='ltr'><strong>porum</strong></span> <span class='ocrx_word' id='word_1_250' title='bbox 261 1960 471 2032; x_wconf 87' lang='lat' dir='ltr'><strong>consequentia,</strong></span> <span class='ocrx_word' id='word_1_251' title='bbox 499 1958 614 2033; x_wconf 82' lang='lat' dir='ltr'><strong>digessi.</strong></span> <span class='ocrx_word' id='word_1_252' title='bbox 646 1959 749 2030; x_wconf 89' lang='lat' dir='ltr'><strong>Scripsi</strong></span> <span class='ocrx_word' id='word_1_253' title='bbox 773 1959 861 2014; x_wconf 86' lang='lat' dir='ltr'><strong>Vitam</strong></span> <span class='ocrx_word' id='word_1_254' title='bbox 883 1956 964 2032; x_wconf 88' lang='lat' dir='ltr'><strong>Sige-</strong></span> <span class='ocrx_word' id='word_1_255' title='bbox 1015 1960 1156 2030; x_wconf 87' lang='lat' dir='ltr'><strong>temporis,</strong></span> <span class='ocrx_word' id='word_1_256' title='bbox 1172 1962 1236 2017; x_wconf 94' lang='lat' dir='ltr'><strong>hine</strong></span> <span class='ocrx_word' id='word_1_257' title='bbox 1251 1979 1339 2020; x_wconf 89' lang='lat' dir='ltr'><strong>annos</strong></span> <span class='ocrx_word' id='word_1_258' title='bbox 1354 1965 1453 2022; x_wconf 88' lang='lat' dir='ltr'><strong>Christi</strong></span> <span class='ocrx_word' id='word_1_259' title='bbox 1478 1968 1653 2038; x_wconf 82' lang='lat' dir='ltr'><strong>juxtasrdonr</strong></span> <span class='ocrx_word' id='word_1_260' title='bbox 1671 1975 1824 2051; x_wconf 84' lang='lat' dir='ltr'><strong>Evangelii,</strong></span> 
     </span>
     <span class='ocr_line' id='line_1_36' title="bbox 153 2045 1825 2134; baseline 0.013 -28"><span class='ocrx_word' id='word_1_261' title='bbox 153 2050 223 2107; x_wconf 89' lang='lat' dir='ltr'><strong>berti</strong></span> <span class='ocrx_word' id='word_1_262' title='bbox 236 2051 318 2126; x_wconf 89' lang='lat' dir='ltr'><strong>regis,</strong></span> <span class='ocrx_word' id='word_1_263' title='bbox 345 2050 497 2107; x_wconf 90' lang='lat' dir='ltr'><strong>conditoris</strong></span> <span class='ocrx_word' id='word_1_264' title='bbox 522 2050 647 2107; x_wconf 88' lang='lat' dir='ltr'><strong>ecclesiae</strong></span> <span class='ocrx_word' id='word_1_265' title='bbox 669 2060 698 2106; x_wconf 91' lang='lat' dir='ltr'><strong>et</strong></span> <span class='ocrx_word' id='word_1_266' title='bbox 721 2051 839 2106; x_wconf 84' lang='lat' dir='ltr'><strong>abbatiae</strong></span> <span class='ocrx_word' id='word_1_267' title='bbox 869 2045 964 2107; x_wconf 86' lang='lat' dir='ltr'><strong>Sancti</strong></span> <span class='ocrx_word' id='word_1_268' title='bbox 1015 2050 1320 2126; x_wconf 84' lang='lat' dir='ltr'><strong>indearagioncjuxta</strong></span> <span class='ocrx_word' id='word_1_269' title='bbox 1336 2057 1496 2125; x_wconf 73' lang='lat' dir='ltr'><strong>dionisium</strong></span> <span class='ocrx_word' id='word_1_270' title='bbox 1513 2063 1698 2134; x_wconf 87' lang='lat' dir='ltr'><strong>ordinaverat,</strong></span> <span class='ocrx_word' id='word_1_271' title='bbox 1718 2071 1825 2128; x_wconf 90' lang='lat' dir='ltr'><strong>utdili-</strong></span> 
     </span>
     <span class='ocr_line' id='line_1_37' title="bbox 153 2142 1824 2231; baseline 0.011 -33"><span class='ocrx_word' id='word_1_272' title='bbox 153 2142 278 2209; x_wconf 82' lang='lat' dir='ltr'><strong>Martini,</strong></span> <span class='ocrx_word' id='word_1_273' title='bbox 292 2149 369 2199; x_wconf 84' lang='lat' dir='ltr'><strong>entra</strong></span> <span class='ocrx_word' id='word_1_274' title='bbox 382 2142 520 2199; x_wconf 90' lang='lat' dir='ltr'><strong>civitatem</strong></span> <span class='ocrx_word' id='word_1_275' title='bbox 547 2144 696 2199; x_wconf 86' lang='lat' dir='ltr'><strong>lielenscm</strong></span> <span class='ocrx_word' id='word_1_276' title='bbox 725 2144 784 2198; x_wconf 79' lang='lat' dir='ltr'><strong>sitae</strong></span> <span class='ocrx_word' id='word_1_277' title='bbox 808 2144 959 2214; x_wconf 82' lang='lat' dir='ltr'><strong>Regressus</strong></span> <span class='ocrx_word' id='word_1_278' title='bbox 1010 2142 1111 2217; x_wconf 86' lang='lat' dir='ltr'><strong>gentiae</strong></span> <span class='ocrx_word' id='word_1_279' title='bbox 1125 2144 1236 2200; x_wconf 90' lang='lat' dir='ltr'><strong>lectoris</strong></span> <span class='ocrx_word' id='word_1_280' title='bbox 1255 2154 1361 2217; x_wconf 89' lang='lat' dir='ltr'><strong>pateret</strong></span> <span class='ocrx_word' id='word_1_281' title='bbox 1389 2158 1523 2222; x_wconf 87' lang='lat' dir='ltr'><strong>quantum</strong></span> <span class='ocrx_word' id='word_1_282' title='bbox 1551 2153 1611 2224; x_wconf 87' lang='lat' dir='ltr'><strong>ipse</strong></span> <span class='ocrx_word' id='word_1_283' title='bbox 1638 2156 1824 2231; x_wconf 84' lang='lat' dir='ltr'><strong>Dionysiusa</strong></span> 
     </span>
     <span class='ocr_line' id='line_1_38' title="bbox 151 2231 1824 2314; baseline 0.009 -22"><span class='ocrx_word' id='word_1_284' title='bbox 151 2235 187 2292; x_wconf 84' lang='lat' dir='ltr'><strong>ad</strong></span> <span class='ocrx_word' id='word_1_285' title='bbox 200 2237 396 2292; x_wconf 89' lang='lat' dir='ltr'><strong>monasterium</strong></span> <span class='ocrx_word' id='word_1_286' title='bbox 428 2236 638 2302; x_wconf 83' lang='lat' dir='ltr'><strong>Gemblaeense,</strong></span> <span class='ocrx_word' id='word_1_287' title='bbox 668 2236 767 2307; x_wconf 83' lang='lat' dir='ltr'><strong>scripsi</strong></span> <span class='ocrx_word' id='word_1_288' title='bbox 797 2236 959 2291; x_wconf 87' lang='lat' dir='ltr'><strong>Passionem</strong></span> <span class='ocrx_word' id='word_1_289' title='bbox 1010 2231 1125 2287; x_wconf 89' lang='lat' dir='ltr'><strong>veritate</strong></span> <span class='ocrx_word' id='word_1_290' title='bbox 1142 2233 1281 2310; x_wconf 79' lang='lat' dir='ltr'><strong>Evangelii</strong></span> <span class='ocrx_word' id='word_1_291' title='bbox 1297 2236 1419 2293; x_wconf 85' lang='lat' dir='ltr'><strong>deviaret</strong></span> <span class='ocrx_word' id='word_1_292' title='bbox 1447 2240 1621 2314; x_wconf 80' lang='lat' dir='ltr'><strong>Sgoautem,</strong></span> <span class='ocrx_word' id='word_1_293' title='bbox 1638 2249 1824 2308; x_wconf 87' lang='lat' dir='ltr'><strong>considerans</strong></span> 
     </span>
     <span class='ocr_line' id='line_1_39' title="bbox 150 2318 1822 2407; baseline 0.017 -39"><span class='ocrx_word' id='word_1_294' title='bbox 150 2327 537 2398; x_wconf 61' lang='lat' dir='ltr'><strong>phebaeomm‚piii0n0ium</strong></span> <span class='ocrx_word' id='word_1_295' title='bbox 566 2334 732 2394; x_wconf 63' lang='lat' dir='ltr'><strong>mitiorum,</strong></span> <span class='ocrx_word' id='word_1_296' title='bbox 761 2328 960 2395; x_wconf 54' lang='lat' dir='ltr'><strong>hammitis.</strong></span> <span class='ocrx_word' id='word_1_297' title='bbox 1010 2318 1131 2377; x_wconf 85' lang='lat' dir='ltr'><strong>fautores</strong></span> <span class='ocrx_word' id='word_1_298' title='bbox 1142 2323 1263 2395; x_wconf 81' lang='lat' dir='ltr'><strong>Dionysii</strong></span> <span class='ocrx_word' id='word_1_299' title='bbox 1280 2326 1366 2381; x_wconf 91' lang='lat' dir='ltr'><strong>semel</strong></span> <span class='ocrx_word' id='word_1_300' title='bbox 1382 2327 1507 2385; x_wconf 84' lang='lat' dir='ltr'><strong>imbibita</strong></span> <span class='ocrx_word' id='word_1_301' title='bbox 1523 2347 1578 2388; x_wconf 91' lang='lat' dir='ltr'><strong>non</strong></span> <span class='ocrx_word' id='word_1_302' title='bbox 1596 2334 1822 2407; x_wconf 87' lang='lat' dir='ltr'><strong>leviterdescire,</strong></span> 
     </span>
    </p>
   </div>
   <div class='ocr_carea' id='block_1_8' title="bbox 150 2419 961 2846">
    <p class='ocr_par' dir='ltr' id='par_1_9' title="bbox 150 2419 961 2846">
     <span class='ocr_line' id='line_1_40' title="bbox 151 2419 959 2491; baseline 0 -16"><span class='ocrx_word' id='word_1_303' title='bbox 151 2436 236 2476; x_wconf 86' lang='lat' dir='ltr'><strong>mrue.</strong></span> <span class='ocrx_word' id='word_1_304' title='bbox 261 2420 364 2491; x_wconf 87' lang='lat' dir='ltr'><strong>Scripsi</strong></span> <span class='ocrx_word' id='word_1_305' title='bbox 388 2421 476 2476; x_wconf 81' lang='lat' dir='ltr'><strong>Vitam</strong></span> <span class='ocrx_word' id='word_1_306' title='bbox 506 2421 594 2477; x_wconf 88' lang='lat' dir='ltr'><strong>sancti</strong></span> <span class='ocrx_word' id='word_1_307' title='bbox 624 2419 750 2475; x_wconf 91' lang='lat' dir='ltr'><strong>Guihcrti</strong></span> <span class='ocrx_word' id='word_1_308' title='bbox 780 2420 959 2487; x_wconf 82' lang='lat' dir='ltr'><strong>confessoris,</strong></span> 
     </span>
     <span class='ocr_line' id='line_1_41' title="bbox 150 2508 961 2585; baseline 0.002 -20"><span class='ocrx_word' id='word_1_309' title='bbox 150 2508 446 2568; x_wconf 86' lang='lat' dir='ltr'><strong>tundatorisecclesiae</strong></span> <span class='ocrx_word' id='word_1_310' title='bbox 475 2520 575 2568; x_wconf 82' lang='lat' dir='ltr'><strong>nostrae</strong></span> <span class='ocrx_word' id='word_1_311' title='bbox 601 2511 818 2576; x_wconf 87' lang='lat' dir='ltr'><strong>Gemblaceusis,</strong></span> <span class='ocrx_word' id='word_1_312' title='bbox 845 2512 879 2567; x_wconf 91' lang='lat' dir='ltr'><strong>de</strong></span> <span class='ocrx_word' id='word_1_313' title='bbox 906 2528 961 2585; x_wconf 92' lang='lat' dir='ltr'><strong>qua</strong></span> 
     </span>
     <span class='ocr_line' id='line_1_42' title="bbox 150 2605 960 2677; baseline 0.002 -17"><span class='ocrx_word' id='word_1_314' title='bbox 150 2605 276 2677; x_wconf 80' lang='lat' dir='ltr'><strong>excerpsi</strong></span> <span class='ocrx_word' id='word_1_315' title='bbox 290 2605 437 2672; x_wconf 89' lang='lat' dir='ltr'><strong>lectiones,</strong></span> <span class='ocrx_word' id='word_1_316' title='bbox 449 2606 618 2676; x_wconf 87' lang='lat' dir='ltr'><strong>competenti</strong></span> <span class='ocrx_word' id='word_1_317' title='bbox 632 2606 730 2662; x_wconf 92' lang='lat' dir='ltr'><strong>ordine</strong></span> <span class='ocrx_word' id='word_1_318' title='bbox 745 2607 773 2661; x_wconf 91' lang='lat' dir='ltr'><strong>in</strong></span> <span class='ocrx_word' id='word_1_319' title='bbox 794 2605 855 2677; x_wconf 86' lang='lat' dir='ltr'><strong>ejus</strong></span> <span class='ocrx_word' id='word_1_320' title='bbox 871 2606 960 2677; x_wconf 91' lang='lat' dir='ltr'><strong>depo·</strong></span> 
     </span>
     <span class='ocr_line' id='line_1_43' title="bbox 151 2694 960 2767; baseline 0.001 -16"><span class='ocrx_word' id='word_1_321' title='bbox 151 2694 252 2751; x_wconf 89' lang='lat' dir='ltr'><strong>sitione</strong></span> <span class='ocrx_word' id='word_1_322' title='bbox 263 2712 272 2759; x_wconf 87' lang='lat'>;</span> <span class='ocrx_word' id='word_1_323' title='bbox 284 2701 341 2750; x_wconf 88' lang='lat' dir='ltr'><strong>arte</strong></span> <span class='ocrx_word' id='word_1_324' title='bbox 352 2703 442 2749; x_wconf 88' lang='lat' dir='ltr'><strong>autem</strong></span> <span class='ocrx_word' id='word_1_325' title='bbox 459 2695 563 2749; x_wconf 90' lang='lat' dir='ltr'><strong>musica</strong></span> <span class='ocrx_word' id='word_1_326' title='bbox 581 2694 749 2766; x_wconf 88' lang='lat' dir='ltr'><strong>antiphonas</strong></span> <span class='ocrx_word' id='word_1_327' title='bbox 768 2703 795 2751; x_wconf 93' lang='lat' dir='ltr'><strong>et</strong></span> <span class='ocrx_word' id='word_1_328' title='bbox 811 2711 960 2767; x_wconf 89' lang='lat' dir='ltr'><strong>responso-</strong></span> 
     </span>
     <span class='ocr_line' id='line_1_44' title="bbox 151 2788 960 2846; baseline 0 -2"><span class='ocrx_word' id='word_1_329' title='bbox 151 2789 192 2846; x_wconf 87' lang='lat' dir='ltr'><strong>ria</strong></span> <span class='ocrx_word' id='word_1_330' title='bbox 210 2789 244 2845; x_wconf 89' lang='lat' dir='ltr'><strong>de</strong></span> <span class='ocrx_word' id='word_1_331' title='bbox 258 2789 359 2845; x_wconf 91' lang='lat' dir='ltr'><strong>sanctis</strong></span> <span class='ocrx_word' id='word_1_332' title='bbox 378 2788 499 2844; x_wconf 89' lang='lat' dir='ltr'><strong>llaelovo</strong></span> <span class='ocrx_word' id='word_1_333' title='bbox 510 2796 538 2844; x_wconf 87' lang='lat' dir='ltr'><strong>et</strong></span> <span class='ocrx_word' id='word_1_334' title='bbox 551 2788 681 2845; x_wconf 81' lang='lat' dir='ltr'><strong>lluiberto</strong></span> <span class='ocrx_word' id='word_1_335' title='bbox 704 2788 870 2846; x_wconf 84' lang='lat' dir='ltr'><strong>mellificavi.</strong></span> <span class='ocrx_word' id='word_1_336' title='bbox 887 2789 960 2844; x_wconf 90' lang='lat' dir='ltr'><strong>Seri-</strong></span> 
     </span>
    </p>
   </div>
   <div class='ocr_carea' id='block_1_9' title="bbox 151 2879 960 3039">
    <p class='ocr_par' dir='ltr' id='par_1_10' title="bbox 151 2879 960 3039">
     <span class='ocr_line' id='line_1_45' title="bbox 151 2879 960 2954; baseline -0.001 -16"><span class='ocrx_word' id='word_1_337' title='bbox 151 2882 193 2954; x_wconf 90' lang='lat' dir='ltr'><strong>psi</strong></span> <span class='ocrx_word' id='word_1_338' title='bbox 209 2889 237 2938; x_wconf 89' lang='lat' dir='ltr'><strong>et</strong></span> <span class='ocrx_word' id='word_1_339' title='bbox 250 2883 330 2937; x_wconf 90' lang='lat' dir='ltr'><strong>Gesta</strong></span> <span class='ocrx_word' id='word_1_340' title='bbox 344 2879 474 2936; x_wconf 90' lang='lat' dir='ltr'><strong>abbatum</strong></span> <span class='ocrx_word' id='word_1_341' title='bbox 492 2880 730 2935; x_wconf 88' lang='lat' dir='ltr'><strong>Gemblaeensium</strong></span> <span class='ocrx_word' id='word_1_342' title='bbox 744 2899 751 2947; x_wconf 89' lang='lat'><strong>;</strong></span> <span class='ocrx_word' id='word_1_343' title='bbox 767 2881 841 2936; x_wconf 85' lang='lat' dir='ltr'><strong>Vitas</strong></span> <span class='ocrx_word' id='word_1_344' title='bbox 853 2888 960 2937; x_wconf 90' lang='lat' dir='ltr'><strong>saucto-</strong></span> 
     </span>
     <span class='ocr_line' id='line_1_46' title="bbox 151 2968 957 3039; baseline 0 -14"><span class='ocrx_word' id='word_1_345' title='bbox 151 2986 212 3025; x_wconf 91' lang='lat' dir='ltr'><strong>rum</strong></span> <span class='ocrx_word' id='word_1_346' title='bbox 224 2969 337 3025; x_wconf 87' lang='lat' dir='ltr'><strong>llaclovi</strong></span> <span class='ocrx_word' id='word_1_347' title='bbox 353 2968 542 3023; x_wconf 85' lang='lat' dir='ltr'><strong>etTheedardi</strong></span> <span class='ocrx_word' id='word_1_348' title='bbox 558 2968 787 3039; x_wconf 88' lang='lat' dir='ltr'><strong>urbaniorestylo</strong></span> <span class='ocrx_word' id='word_1_349' title='bbox 805 2968 957 3025; x_wconf 90' lang='lat' dir='ltr'><strong>melioravi.</strong></span> 
     </span>
    </p>
   </div>
   <div class='ocr_carea' id='block_1_10' title="bbox 151 3057 958 3130">
    <p class='ocr_par' dir='ltr' id='par_1_11' title="bbox 151 3057 958 3130">
     <span class='ocr_line' id='line_1_47' title="bbox 151 3057 958 3130; baseline 0.006 -19"><span class='ocrx_word' id='word_1_350' title='bbox 151 3057 239 3113; x_wconf 82' lang='lat' dir='ltr'><strong>Vitam</strong></span> <span class='ocrx_word' id='word_1_351' title='bbox 254 3074 364 3130; x_wconf 88' lang='lat' dir='ltr'><strong>quoque</strong></span> <span class='ocrx_word' id='word_1_352' title='bbox 374 3059 461 3114; x_wconf 88' lang='lat' dir='ltr'><strong>saneti</strong></span> <span class='ocrx_word' id='word_1_353' title='bbox 478 3058 615 3113; x_wconf 81' lang='lat' dir='ltr'><strong>lantberti</strong></span> <span class='ocrx_word' id='word_1_354' title='bbox 632 3074 693 3112; x_wconf 90' lang='lat' dir='ltr'><strong>cum</strong></span> <span class='ocrx_word' id='word_1_355' title='bbox 706 3058 733 3112; x_wconf 92' lang='lat' dir='ltr'><strong>in</strong></span> <span class='ocrx_word' id='word_1_356' title='bbox 744 3059 840 3128; x_wconf 88' lang='lat' dir='ltr'><strong>primis</strong></span> <span class='ocrx_word' id='word_1_357' title='bbox 853 3059 958 3116; x_wconf 87' lang='lat' dir='ltr'><strong>rrrbauc</strong></span> 
     </span>
    </p>
   </div>
   <div class='ocr_carea' id='block_1_11' title="bbox 1011 2413 1826 2597">
    <p class='ocr_par' dir='ltr' id='par_1_12' title="bbox 1011 2413 1826 2597">
     <span class='ocr_line' id='line_1_48' title="bbox 1011 2413 1824 2502; baseline 0.027 -35"><span class='ocrx_word' id='word_1_358' title='bbox 1011 2413 1048 2469; x_wconf 84' lang='lat' dir='ltr'><strong>ita</strong></span> <span class='ocrx_word' id='word_1_359' title='bbox 1063 2417 1198 2470; x_wconf 90' lang='lat' dir='ltr'><strong>cantelam</strong></span> <span class='ocrx_word' id='word_1_360' title='bbox 1214 2417 1349 2489; x_wconf 86' lang='lat' dir='ltr'><strong>ingenioli</strong></span> <span class='ocrx_word' id='word_1_361' title='bbox 1365 2420 1419 2475; x_wconf 89' lang='lat' dir='ltr'><strong>mei</strong></span> <span class='ocrx_word' id='word_1_362' title='bbox 1448 2436 1530 2493; x_wconf 78' lang='lat' dir='ltr'><strong>aqna</strong></span> <span class='ocrx_word' id='word_1_363' title='bbox 1563 2425 1642 2482; x_wconf 89' lang='lat' dir='ltr'><strong>lance</strong></span> <span class='ocrx_word' id='word_1_364' title='bbox 1660 2428 1773 2502; x_wconf 87' lang='lat' dir='ltr'><strong>libravi,</strong></span> <span class='ocrx_word' id='word_1_365' title='bbox 1794 2441 1824 2489; x_wconf 91' lang='lat' dir='ltr'><strong>ut</strong></span> 
     </span>
     <span class='ocr_line' id='line_1_49' title="bbox 1012 2504 1826 2597; baseline 0.028 -40"><span class='ocrx_word' id='word_1_366' title='bbox 1012 2504 1119 2559; x_wconf 82' lang='lat' dir='ltr'><strong>medius</strong></span> <span class='ocrx_word' id='word_1_367' title='bbox 1148 2506 1245 2560; x_wconf 92' lang='lat' dir='ltr'><strong>horum</strong></span> <span class='ocrx_word' id='word_1_368' title='bbox 1278 2506 1412 2564; x_wconf 85' lang='lat' dir='ltr'><strong>incedens</strong></span> <span class='ocrx_word' id='word_1_369' title='bbox 1429 2525 1526 2567; x_wconf 88' lang='lat' dir='ltr'><strong>omnes</strong></span> <span class='ocrx_word' id='word_1_370' title='bbox 1548 2530 1637 2570; x_wconf 87' lang='lat' dir='ltr'><strong>annes</strong></span> <span class='ocrx_word' id='word_1_371' title='bbox 1664 2517 1698 2572; x_wconf 87' lang='lat' dir='ltr'><strong>ab</strong></span> <span class='ocrx_word' id='word_1_372' title='bbox 1715 2520 1826 2597; x_wconf 87' lang='lat' dir='ltr'><strong>origine</strong></span> 
     </span>
    </p>
   </div>
   <div class='ocr_carea' id='block_1_12' title="bbox 1010 2595 1826 2864">
    <p class='ocr_par' dir='ltr' id='par_1_13' title="bbox 1010 2595 1826 2864">
     <span class='ocr_line' id='line_1_50' title="bbox 1012 2595 1826 2676; baseline 0.027 -27"><span class='ocrx_word' id='word_1_373' title='bbox 1012 2595 1107 2650; x_wconf 90' lang='lat' dir='ltr'><strong>mundi</strong></span> <span class='ocrx_word' id='word_1_374' title='bbox 1124 2597 1266 2662; x_wconf 90' lang='lat' dir='ltr'><strong>decursos,</strong></span> <span class='ocrx_word' id='word_1_375' title='bbox 1278 2601 1321 2654; x_wconf 92' lang='lat' dir='ltr'><strong>vel</strong></span> <span class='ocrx_word' id='word_1_376' title='bbox 1335 2600 1362 2655; x_wconf 91' lang='lat' dir='ltr'><strong>iu</strong></span> <span class='ocrx_word' id='word_1_377' title='bbox 1387 2600 1509 2659; x_wconf 78' lang='lat' dir='ltr'><strong>futurum</strong></span> <span class='ocrx_word' id='word_1_378' title='bbox 1528 2604 1706 2676; x_wconf 88' lang='lat' dir='ltr'><strong>decursuros,</strong></span> <span class='ocrx_word' id='word_1_379' title='bbox 1724 2613 1826 2670; x_wconf 89' lang='lat' dir='ltr'><strong>iuscri-</strong></span> 
     </span>
     <span class='ocr_line' id='line_1_51' title="bbox 1011 2685 1824 2775; baseline 0.028 -38"><span class='ocrx_word' id='word_1_380' title='bbox 1011 2690 1057 2754; x_wconf 88' lang='lat' dir='ltr'><strong>pta</strong></span> <span class='ocrx_word' id='word_1_381' title='bbox 1073 2685 1178 2740; x_wconf 89' lang='lat' dir='ltr'><strong>ratione</strong></span> <span class='ocrx_word' id='word_1_382' title='bbox 1195 2687 1272 2755; x_wconf 83' lang='lat' dir='ltr'><strong>juxta</strong></span> <span class='ocrx_word' id='word_1_383' title='bbox 1286 2687 1445 2746; x_wconf 86' lang='lat' dir='ltr'><strong>llebraicam</strong></span> <span class='ocrx_word' id='word_1_384' title='bbox 1457 2693 1613 2764; x_wconf 87' lang='lat' dir='ltr'><strong>veritatem,</strong></span> <span class='ocrx_word' id='word_1_385' title='bbox 1637 2699 1800 2775; x_wconf 87' lang='lat' dir='ltr'><strong>colligerem</strong></span> <span class='ocrx_word' id='word_1_386' title='bbox 1817 2723 1824 2760; x_wconf 90' lang='lat'>:</span> 
     </span>
     <span class='ocr_line' id='line_1_52' title="bbox 1010 2776 1822 2864; baseline 0.027 -34"><span class='ocrx_word' id='word_1_387' title='bbox 1010 2776 1117 2832; x_wconf 91' lang='lat' dir='ltr'><strong>scilieet</strong></span> <span class='ocrx_word' id='word_1_388' title='bbox 1136 2794 1184 2849; x_wconf 87' lang='lat' dir='ltr'><strong>per</strong></span> <span class='ocrx_word' id='word_1_389' title='bbox 1205 2781 1298 2853; x_wconf 86' lang='lat' dir='ltr'><strong>cyclos</strong></span> <span class='ocrx_word' id='word_1_390' title='bbox 1318 2782 1438 2849; x_wconf 86' lang='lat' dir='ltr'><strong>lunares,</strong></span> <span class='ocrx_word' id='word_1_391' title='bbox 1455 2785 1501 2855; x_wconf 90' lang='lat' dir='ltr'><strong>qui</strong></span> <span class='ocrx_word' id='word_1_392' title='bbox 1515 2789 1710 2846; x_wconf 86' lang='lat' dir='ltr'><strong>novemdecim</strong></span> <span class='ocrx_word' id='word_1_393' title='bbox 1727 2794 1822 2864; x_wconf 89' lang='lat' dir='ltr'><strong>annis,</strong></span> 
     </span>
    </p>
   </div>
   <div class='ocr_carea' id='block_1_13' title="bbox 1010 2874 1822 3048">
    <p class='ocr_par' dir='ltr' id='par_1_14' title="bbox 1010 2874 1822 3048">
     <span class='ocr_line' id='line_1_53' title="bbox 1010 2874 1820 2955; baseline 0.025 -31"><span class='ocrx_word' id='word_1_394' title='bbox 1010 2876 1038 2924; x_wconf 93' lang='lat' dir='ltr'><strong>et</strong></span> <span class='ocrx_word' id='word_1_395' title='bbox 1053 2886 1101 2941; x_wconf 87' lang='lat' dir='ltr'><strong>per</strong></span> <span class='ocrx_word' id='word_1_396' title='bbox 1115 2874 1208 2943; x_wconf 81' lang='lat' dir='ltr'><strong>cyclos</strong></span> <span class='ocrx_word' id='word_1_397' title='bbox 1228 2875 1345 2944; x_wconf 87' lang='lat' dir='ltr'><strong>solares,</strong></span> <span class='ocrx_word' id='word_1_398' title='bbox 1360 2877 1406 2948; x_wconf 90' lang='lat' dir='ltr'><strong>qui</strong></span> <span class='ocrx_word' id='word_1_399' title='bbox 1431 2895 1515 2934; x_wconf 85' lang='lat' dir='ltr'><strong>xxvrn</strong></span> <span class='ocrx_word' id='word_1_400' title='bbox 1537 2883 1618 2937; x_wconf 89' lang='lat' dir='ltr'><strong>annis</strong></span> <span class='ocrx_word' id='word_1_401' title='bbox 1639 2883 1820 2955; x_wconf 87' lang='lat' dir='ltr'><strong>clauduntur,</strong></span> 
     </span>
     <span class='ocr_line' id='line_1_54' title="bbox 1010 2961 1822 3048; baseline 0.023 -35"><span class='ocrx_word' id='word_1_402' title='bbox 1010 2965 1098 3030; x_wconf 85' lang='lat' dir='ltr'><strong>etper</strong></span> <span class='ocrx_word' id='word_1_403' title='bbox 1112 2961 1228 3016; x_wconf 87' lang='lat' dir='ltr'><strong>alterum</strong></span> <span class='ocrx_word' id='word_1_404' title='bbox 1256 2963 1430 3035; x_wconf 90' lang='lat' dir='ltr'><strong>multiplicati</strong></span> <span class='ocrx_word' id='word_1_405' title='bbox 1457 2984 1587 3043; x_wconf 87' lang='lat' dir='ltr'><strong>magnum</strong></span> <span class='ocrx_word' id='word_1_406' title='bbox 1603 2971 1710 3043; x_wconf 86' lang='lat' dir='ltr'><strong>cyclum</strong></span> <span class='ocrx_word' id='word_1_407' title='bbox 1731 2977 1822 3048; x_wconf 90' lang='lat' dir='ltr'><strong>quin-</strong></span> 
     </span>
    </p>
   </div>
   <div class='ocr_carea' id='block_1_14' title="bbox 971 3026 1823 3124">
    <p class='ocr_par' dir='ltr' id='par_1_15' title="bbox 971 3026 1823 3124">
     <span class='ocr_line' id='line_1_55' title="bbox 971 3026 1823 3124; baseline 0.032 -29"><span class='ocrx_word' id='word_1_408' title='bbox 971 3026 1154 3121; x_wconf 85' lang='lat' dir='ltr'><strong>Cgenternm</strong></span> <span class='ocrx_word' id='word_1_409' title='bbox 1166 3051 1278 3124; x_wconf 86' lang='lat' dir='ltr'><strong>triginta</strong></span> <span class='ocrx_word' id='word_1_410' title='bbox 1293 3054 1410 3110; x_wconf 90' lang='lat' dir='ltr'><strong>duorum</strong></span> <span class='ocrx_word' id='word_1_411' title='bbox 1434 3073 1569 3115; x_wconf 90' lang='lat' dir='ltr'><strong>annorum</strong></span> <span class='ocrx_word' id='word_1_412' title='bbox 1592 3061 1747 3119; x_wconf 75' lang='lat' dir='ltr'><strong>conficiunt</strong></span> <span class='ocrx_word' id='word_1_413' title='bbox 1763 3084 1770 3120; x_wconf 91' lang='lat'>:</span> <span class='ocrx_word' id='word_1_414' title='bbox 1787 3066 1823 3121; x_wconf 91' lang='lat' dir='ltr'><strong>li·</strong></span> 
     </span>
    </p>
   </div>
   <div class='ocr_carea' id='block_1_15' title="bbox 147 3138 1821 3494">
    <p class='ocr_par' dir='ltr' id='par_1_16' title="bbox 147 3138 1821 3494">
     <span class='ocr_line' id='line_1_56' title="bbox 149 3138 1821 3223; baseline 0.012 -33"><span class='ocrx_word' id='word_1_415' title='bbox 149 3147 349 3216; x_wconf 59' lang='grc' dir='ltr'><strong>ῐῃθΙίοηςςθῐῃ,</strong></span> <span class='ocrx_word' id='word_1_416' title='bbox 365 3156 461 3218; x_wconf 66' lang='lat' dir='ltr'><strong>postea</strong></span> <span class='ocrx_word' id='word_1_417' title='bbox 477 3155 573 3223; x_wconf 74' lang='lat' dir='ltr'><strong>rogatu</strong></span> <span class='ocrx_word' id='word_1_418' title='bbox 600 3148 709 3203; x_wconf 76' lang='lat' dir='ltr'><strong>Henpici</strong></span> <span class='ocrx_word' id='word_1_419' title='bbox 725 3148 912 3204; x_wconf 70' lang='lat' dir='ltr'><strong>archidiaconi</strong></span> <span class='ocrx_word' id='word_1_420' title='bbox 930 3158 958 3205; x_wconf 73' lang='lat' dir='ltr'><strong>ei</strong></span> <span class='ocrx_word' id='word_1_421' title='bbox 1008 3138 1109 3193; x_wconf 74' lang='lat' dir='ltr'><strong>uedllm</strong></span> <span class='ocrx_word' id='word_1_422' title='bbox 1127 3139 1264 3196; x_wconf 86' lang='lat' dir='ltr'><strong>distinctis</strong></span> <span class='ocrx_word' id='word_1_423' title='bbox 1279 3142 1423 3199; x_wconf 84' lang='lat' dir='ltr'><strong>hincinde</strong></span> <span class='ocrx_word' id='word_1_424' title='bbox 1438 3149 1520 3201; x_wconf 84' lang='lat' dir='ltr'><strong>annis</strong></span> <span class='ocrx_word' id='word_1_425' title='bbox 1539 3148 1615 3215; x_wconf 78' lang='lat' dir='ltr'><strong>lldae,</strong></span> <span class='ocrx_word' id='word_1_426' title='bbox 1632 3152 1821 3221; x_wconf 63' lang='lat' dir='ltr'><strong>ephellstioll·</strong></span> 
     </span>
     <span class='ocr_line' id='line_1_57' title="bbox 148 3232 1819 3311; baseline 0.016 -34"><span class='ocrx_word' id='word_1_427' title='bbox 148 3237 246 3295; x_wconf 58' lang='lat' dir='ltr'><strong>decani</strong></span> <span class='ocrx_word' id='word_1_428' title='bbox 260 3238 384 3294; x_wconf 61' lang='lat' dir='ltr'><strong>ecelesiae</strong></span> <span class='ocrx_word' id='word_1_429' title='bbox 400 3239 487 3294; x_wconf 64' lang='lat' dir='ltr'><strong>sancii</strong></span> <span class='ocrx_word' id='word_1_430' title='bbox 503 3238 653 3305; x_wconf 58' lang='lat' dir='ltr'><strong>Lambini,</strong></span> <span class='ocrx_word' id='word_1_431' title='bbox 673 3238 804 3294; x_wconf 61' lang='lat' dir='ltr'><strong>defloravi</strong></span> <span class='ocrx_word' id='word_1_432' title='bbox 815 3254 957 3311; x_wconf 64' lang='lat' dir='ltr'><strong>compara.</strong></span> <span class='ocrx_word' id='word_1_433' title='bbox 1007 3232 1182 3286; x_wconf 87' lang='lat' dir='ltr'><strong>currenttbus</strong></span> <span class='ocrx_word' id='word_1_434' title='bbox 1197 3234 1320 3290; x_wconf 91' lang='lat' dir='ltr'><strong>terminis</strong></span> <span class='ocrx_word' id='word_1_435' title='bbox 1339 3237 1524 3306; x_wconf 88' lang='lat' dir='ltr'><strong>paschalibus,</strong></span> <span class='ocrx_word' id='word_1_436' title='bbox 1550 3239 1649 3295; x_wconf 90' lang='lat' dir='ltr'><strong>diebus</strong></span> <span class='ocrx_word' id='word_1_437' title='bbox 1665 3245 1819 3303; x_wconf 81' lang='lat' dir='ltr'><strong>llominicis</strong></span> 
     </span>
     <span class='ocr_line' id='line_1_58' title="bbox 147 3317 1817 3401; baseline 0.005 -18"><span class='ocrx_word' id='word_1_438' title='bbox 147 3327 270 3385; x_wconf 87' lang='lat' dir='ltr'><strong>tionibus</strong></span> <span class='ocrx_word' id='word_1_439' title='bbox 285 3328 472 3401; x_wconf 89' lang='lat' dir='ltr'><strong>antiquorum,</strong></span> <span class='ocrx_word' id='word_1_440' title='bbox 504 3329 580 3397; x_wconf 86' lang='lat' dir='ltr'><strong>juxta</strong></span> <span class='ocrx_word' id='word_1_441' title='bbox 607 3329 833 3400; x_wconf 86' lang='lat' dir='ltr'><strong>consequentiam</strong></span> <span class='ocrx_word' id='word_1_442' title='bbox 850 3344 954 3387; x_wconf 70' lang='lat' dir='ltr'><strong>rerum,</strong></span> <span class='ocrx_word' id='word_1_443' title='bbox 1007 3317 1126 3389; x_wconf 78' lang='lat' dir='ltr'><strong>Pascha,</strong></span> <span class='ocrx_word' id='word_1_444' title='bbox 1137 3323 1288 3379; x_wconf 87' lang='lat' dir='ltr'><strong>eademvia</strong></span> <span class='ocrx_word' id='word_1_445' title='bbox 1303 3325 1436 3382; x_wconf 89' lang='lat' dir='ltr'><strong>incedens</strong></span> <span class='ocrx_word' id='word_1_446' title='bbox 1451 3345 1506 3400; x_wconf 88' lang='lat' dir='ltr'><strong>qua</strong></span> <span class='ocrx_word' id='word_1_447' title='bbox 1522 3329 1677 3401; x_wconf 83' lang='lat' dir='ltr'><strong>Dionysius,</strong></span> <span class='ocrx_word' id='word_1_448' title='bbox 1697 3335 1817 3393; x_wconf 90' lang='lat' dir='ltr'><strong>sednon</strong></span> 
     </span>
     <span class='ocr_line' id='line_1_59' title="bbox 147 3412 1817 3494; baseline 0.005 -18"><span class='ocrx_word' id='word_1_449' title='bbox 147 3420 274 3491; x_wconf 88' lang='lat' dir='ltr'><strong>quamvis</strong></span> <span class='ocrx_word' id='word_1_450' title='bbox 289 3422 419 3493; x_wconf 89' lang='lat' dir='ltr'><strong>priorem,</strong></span> <span class='ocrx_word' id='word_1_451' title='bbox 436 3428 530 3492; x_wconf 91' lang='lat' dir='ltr'><strong>utpote</strong></span> <span class='ocrx_word' id='word_1_452' title='bbox 554 3420 720 3491; x_wconf 91' lang='lat' dir='ltr'><strong>simplicem,</strong></span> <span class='ocrx_word' id='word_1_453' title='bbox 736 3420 849 3490; x_wconf 90' lang='lat' dir='ltr'><strong>quidam</strong></span> <span class='ocrx_word' id='word_1_454' title='bbox 866 3421 954 3488; x_wconf 82' lang='lat' dir='ltr'><strong>magis</strong></span> <span class='ocrx_word' id='word_1_455' title='bbox 1003 3412 1108 3469; x_wconf 86' lang='lat' dir='ltr'><strong>eisdem</strong></span> <span class='ocrx_word' id='word_1_456' title='bbox 1123 3415 1255 3488; x_wconf 86' lang='lat' dir='ltr'><strong>vestigiis.</strong></span> <span class='ocrx_word' id='word_1_457' title='bbox 1274 3416 1351 3482; x_wconf 82' lang='lat' dir='ltr'><strong>Quod</strong></span> <span class='ocrx_word' id='word_1_458' title='bbox 1379 3419 1500 3494; x_wconf 90' lang='lat' dir='ltr'><strong>diligens</strong></span> <span class='ocrx_word' id='word_1_459' title='bbox 1515 3423 1601 3478; x_wconf 91' lang='lat' dir='ltr'><strong>lector</strong></span> <span class='ocrx_word' id='word_1_460' title='bbox 1624 3425 1705 3481; x_wconf 82' lang='lat' dir='ltr'><strong>facilc</strong></span> <span class='ocrx_word' id='word_1_461' title='bbox 1733 3427 1817 3486; x_wconf 90' lang='lat' dir='ltr'><strong>inve-</strong></span> 
     </span>
    </p>
   </div>
   <div class='ocr_carea' id='block_1_16' title="bbox 70 3512 952 4225">
    <p class='ocr_par' dir='ltr' id='par_1_17' title="bbox 70 3512 952 4225">
     <span class='ocr_line' id='line_1_60' title="bbox 145 3512 951 3586; baseline -0.002 -17"><span class='ocrx_word' id='word_1_462' title='bbox 145 3516 355 3586; x_wconf 89' lang='lat' dir='ltr'><strong>ampleetantur,</strong></span> <span class='ocrx_word' id='word_1_463' title='bbox 372 3521 399 3569; x_wconf 91' lang='lat' dir='ltr'><strong>et</strong></span> <span class='ocrx_word' id='word_1_464' title='bbox 427 3513 562 3570; x_wconf 88' lang='lat' dir='ltr'><strong>curiosius</strong></span> <span class='ocrx_word' id='word_1_465' title='bbox 595 3512 850 3574; x_wconf 86' lang='lat' dir='ltr'><strong>transcribant;esl</strong></span> <span class='ocrx_word' id='word_1_466' title='bbox 877 3513 951 3569; x_wconf 86' lang='lat' dir='ltr'><strong>eninr</strong></span> 
     </span>
     <span class='ocr_line' id='line_1_61' title="bbox 143 3605 952 3679; baseline -0.002 -16"><span class='ocrx_word' id='word_1_467' title='bbox 143 3621 228 3663; x_wconf 87' lang='lat' dir='ltr'><strong>seusu</strong></span> <span class='ocrx_word' id='word_1_468' title='bbox 238 3607 359 3679; x_wconf 89' lang='lat' dir='ltr'><strong>apertior</strong></span> <span class='ocrx_word' id='word_1_469' title='bbox 373 3615 401 3662; x_wconf 92' lang='lat' dir='ltr'><strong>et</strong></span> <span class='ocrx_word' id='word_1_470' title='bbox 415 3607 508 3661; x_wconf 89' lang='lat' dir='ltr'><strong>verbis</strong></span> <span class='ocrx_word' id='word_1_471' title='bbox 527 3605 635 3661; x_wconf 90' lang='lat' dir='ltr'><strong>clarior.</strong></span> <span class='ocrx_word' id='word_1_472' title='bbox 659 3605 853 3679; x_wconf 82' lang='lat' dir='ltr'><strong>liogatuetiam</strong></span> <span class='ocrx_word' id='word_1_473' title='bbox 880 3622 952 3676; x_wconf 81' lang='lat' dir='ltr'><strong>praa-</strong></span> 
     </span>
     <span class='ocr_line' id='line_1_62' title="bbox 70 3693 950 3773; baseline -0.003 -16"><span class='ocrx_word' id='word_1_474' title='bbox 70 3693 81 3704; x_wconf 82' lang='grc'><strong><em>’</em></strong></span> <span class='ocrx_word' id='word_1_475' title='bbox 143 3701 210 3758; x_wconf 90' lang='lat' dir='ltr'><strong>dicti</strong></span> <span class='ocrx_word' id='word_1_476' title='bbox 223 3702 285 3767; x_wconf 88' lang='lat' dir='ltr'><strong>viri,</strong></span> <span class='ocrx_word' id='word_1_477' title='bbox 300 3701 400 3757; x_wconf 89' lang='lat' dir='ltr'><strong>validis</strong></span> <span class='ocrx_word' id='word_1_478' title='bbox 415 3702 524 3756; x_wconf 90' lang='lat' dir='ltr'><strong>Patrum</strong></span> <span class='ocrx_word' id='word_1_479' title='bbox 555 3699 727 3773; x_wconf 87' lang='lat' dir='ltr'><strong>argumentis</strong></span> <span class='ocrx_word' id='word_1_480' title='bbox 744 3699 874 3770; x_wconf 89' lang='lat' dir='ltr'><strong>respondi</strong></span> <span class='ocrx_word' id='word_1_481' title='bbox 890 3700 950 3771; x_wconf 92' lang='lat' dir='ltr'><strong>epi-</strong></span> 
     </span>
     <span class='ocr_line' id='line_1_63' title="bbox 140 3791 950 3863; baseline -0.002 -15"><span class='ocrx_word' id='word_1_482' title='bbox 140 3794 220 3850; x_wconf 80' lang='lat' dir='ltr'><strong>atolae</strong></span> <span class='ocrx_word' id='word_1_483' title='bbox 236 3793 412 3848; x_wconf 91' lang='lat' dir='ltr'><strong>llildebrandi</strong></span> <span class='ocrx_word' id='word_1_484' title='bbox 432 3809 523 3863; x_wconf 85' lang='lat' dir='ltr'><strong>papae,</strong></span> <span class='ocrx_word' id='word_1_485' title='bbox 552 3808 633 3863; x_wconf 90' lang='lat' dir='ltr'><strong>quam</strong></span> <span class='ocrx_word' id='word_1_486' title='bbox 654 3791 766 3861; x_wconf 90' lang='lat' dir='ltr'><strong>scripsit</strong></span> <span class='ocrx_word' id='word_1_487' title='bbox 784 3791 818 3845; x_wconf 86' lang='lat' dir='ltr'><strong>ad</strong></span> <span class='ocrx_word' id='word_1_488' title='bbox 837 3791 950 3846; x_wconf 91' lang='lat' dir='ltr'><strong>llerma-</strong></span> 
     </span>
     <span class='ocr_line' id='line_1_64' title="bbox 141 3883 948 3957; baseline 0.002 -19"><span class='ocrx_word' id='word_1_489' title='bbox 141 3899 206 3939; x_wconf 91' lang='lat' dir='ltr'><strong>num</strong></span> <span class='ocrx_word' id='word_1_490' title='bbox 220 3885 368 3940; x_wconf 88' lang='lat' dir='ltr'><strong>ldetensem</strong></span> <span class='ocrx_word' id='word_1_491' title='bbox 386 3883 558 3955; x_wconf 87' lang='lat' dir='ltr'><strong>episcopum,</strong></span> <span class='ocrx_word' id='word_1_492' title='bbox 587 3884 613 3937; x_wconf 93' lang='lat' dir='ltr'><strong>in</strong></span> <span class='ocrx_word' id='word_1_493' title='bbox 639 3883 781 3952; x_wconf 88' lang='lat' dir='ltr'><strong>potestatis</strong></span> <span class='ocrx_word' id='word_1_494' title='bbox 802 3883 884 3957; x_wconf 78' lang='lat' dir='ltr'><strong>regiae</strong></span> <span class='ocrx_word' id='word_1_495' title='bbox 900 3900 948 3940; x_wconf 89' lang='lat' dir='ltr'><strong>ca·</strong></span> 
     </span>
     <span class='ocr_line' id='line_1_65' title="bbox 140 3969 945 4048; baseline 0.006 -23"><span class='ocrx_word' id='word_1_496' title='bbox 140 3969 281 4027; x_wconf 90' lang='lat' dir='ltr'><strong>lumniam.</strong></span> <span class='ocrx_word' id='word_1_497' title='bbox 301 3972 402 4044; x_wconf 90' lang='lat' dir='ltr'><strong>Scripsi</strong></span> <span class='ocrx_word' id='word_1_498' title='bbox 429 3973 463 4027; x_wconf 89' lang='lat' dir='ltr'><strong>ad</strong></span> <span class='ocrx_word' id='word_1_499' title='bbox 488 3973 576 4043; x_wconf 92' lang='lat' dir='ltr'><strong>ipsum</strong></span> <span class='ocrx_word' id='word_1_500' title='bbox 607 3973 753 4028; x_wconf 80' lang='lat' dir='ltr'><strong>henricum</strong></span> <span class='ocrx_word' id='word_1_501' title='bbox 777 3974 945 4048; x_wconf 77' lang='lat' dir='ltr'><strong>apologiam,</strong></span> 
     </span>
     <span class='ocr_line' id='line_1_66' title="bbox 139 4061 947 4138; baseline 0.005 -22"><span class='ocrx_word' id='word_1_502' title='bbox 139 4067 296 4117; x_wconf 85' lang='lat' dir='ltr'><strong>contraeas</strong></span> <span class='ocrx_word' id='word_1_503' title='bbox 311 4061 359 4134; x_wconf 90' lang='lat' dir='ltr'><strong>qui</strong></span> <span class='ocrx_word' id='word_1_504' title='bbox 389 4061 593 4117; x_wconf 88' lang='lat' dir='ltr'><strong>calumniantur</strong></span> <span class='ocrx_word' id='word_1_505' title='bbox 618 4061 718 4117; x_wconf 90' lang='lat' dir='ltr'><strong>missas</strong></span> <span class='ocrx_word' id='word_1_506' title='bbox 735 4063 947 4138; x_wconf 75' lang='lat' dir='ltr'><strong>conjugatorum</strong></span> 
     </span>
     <span class='ocr_line' id='line_1_67' title="bbox 137 4151 946 4225; baseline 0.007 -20"><span class='ocrx_word' id='word_1_507' title='bbox 137 4151 321 4207; x_wconf 86' lang='lat' dir='ltr'><strong>sacerdotum.</strong></span> <span class='ocrx_word' id='word_1_508' title='bbox 339 4153 401 4223; x_wconf 89' lang='lat' dir='ltr'><strong>lpse</strong></span> <span class='ocrx_word' id='word_1_509' title='bbox 415 4151 496 4206; x_wconf 90' lang='lat' dir='ltr'><strong>etiam</strong></span> <span class='ocrx_word' id='word_1_510' title='bbox 524 4157 648 4225; x_wconf 86' lang='lat' dir='ltr'><strong>regante,</strong></span> <span class='ocrx_word' id='word_1_511' title='bbox 670 4153 799 4222; x_wconf 88' lang='lat' dir='ltr'><strong>respondi</strong></span> <span class='ocrx_word' id='word_1_512' title='bbox 823 4153 946 4224; x_wconf 88' lang='lat' dir='ltr'><strong>epistolae</strong></span> 
     </span>
    </p>
   </div>
   <div class='ocr_carea' id='block_1_17' title="bbox 997 3505 1837 4222">
    <p class='ocr_par' dir='ltr' id='par_1_18' title="bbox 997 3505 1837 4222">
     <span class='ocr_line' id='line_1_68' title="bbox 1004 3505 1816 3595; baseline 0.021 -35"><span class='ocrx_word' id='word_1_513' title='bbox 1004 3505 1070 3574; x_wconf 89' lang='lat' dir='ltr'><strong>niet,</strong></span> <span class='ocrx_word' id='word_1_514' title='bbox 1086 3507 1109 3561; x_wconf 91' lang='lat' dir='ltr'><strong>si</strong></span> <span class='ocrx_word' id='word_1_515' title='bbox 1124 3509 1250 3564; x_wconf 90' lang='lat' dir='ltr'><strong>curiosus</strong></span> <span class='ocrx_word' id='word_1_516' title='bbox 1276 3508 1366 3566; x_wconf 88' lang='lat' dir='ltr'><strong>luerit.</strong></span> <span class='ocrx_word' id='word_1_517' title='bbox 1389 3512 1420 3567; x_wconf 87' lang='lat' dir='ltr'><strong>Et</strong></span> <span class='ocrx_word' id='word_1_518' title='bbox 1437 3514 1501 3584; x_wconf 87' lang='lat' dir='ltr'><strong>quia</strong></span> <span class='ocrx_word' id='word_1_519' title='bbox 1517 3515 1614 3571; x_wconf 88' lang='lat' dir='ltr'><strong>decem</strong></span> <span class='ocrx_word' id='word_1_520' title='bbox 1642 3520 1751 3591; x_wconf 84' lang='lat' dir='ltr'><strong>magnis</strong></span> <span class='ocrx_word' id='word_1_521' title='bbox 1765 3538 1816 3595; x_wconf 85' lang='lat' dir='ltr'><strong>cy-</strong></span> 
     </span>
     <span class='ocr_line' id='line_1_69' title="bbox 1002 3600 1812 3684; baseline 0.021 -29"><span class='ocrx_word' id='word_1_522' title='bbox 1002 3600 1062 3661; x_wconf 89' lang='lat' dir='ltr'><strong>clis,</strong></span> <span class='ocrx_word' id='word_1_523' title='bbox 1089 3602 1135 3672; x_wconf 91' lang='lat' dir='ltr'><strong>qui</strong></span> <span class='ocrx_word' id='word_1_524' title='bbox 1163 3602 1264 3675; x_wconf 88' lang='lat' dir='ltr'><strong>singuli</strong></span> <span class='ocrx_word' id='word_1_525' title='bbox 1291 3603 1452 3678; x_wconf 86' lang='lat' dir='ltr'><strong>quingentis</strong></span> <span class='ocrx_word' id='word_1_526' title='bbox 1478 3622 1552 3662; x_wconf 80' lang='lat' dir='ltr'><strong>xxxva</strong></span> <span class='ocrx_word' id='word_1_527' title='bbox 1570 3610 1651 3665; x_wconf 90' lang='lat' dir='ltr'><strong>aunis</strong></span> <span class='ocrx_word' id='word_1_528' title='bbox 1669 3620 1812 3684; x_wconf 88' lang='lat' dir='ltr'><strong>constant,</strong></span> 
     </span>
     <span class='ocr_line' id='line_1_70' title="bbox 1002 3695 1814 3776; baseline 0.021 -29"><span class='ocrx_word' id='word_1_529' title='bbox 1002 3707 1071 3764; x_wconf 88' lang='lat' dir='ltr'><strong>epus</strong></span> <span class='ocrx_word' id='word_1_530' title='bbox 1083 3708 1166 3750; x_wconf 91' lang='lat' dir='ltr'><strong>omne</strong></span> <span class='ocrx_word' id='word_1_531' title='bbox 1182 3695 1303 3750; x_wconf 87' lang='lat' dir='ltr'><strong>distinxi.</strong></span> <span class='ocrx_word' id='word_1_532' title='bbox 1330 3696 1420 3767; x_wconf 88' lang='lat' dir='ltr'><strong>ipsum</strong></span> <span class='ocrx_word' id='word_1_533' title='bbox 1453 3698 1554 3754; x_wconf 89' lang='lat' dir='ltr'><strong>libmm</strong></span> <span class='ocrx_word' id='word_1_534' title='bbox 1569 3701 1621 3757; x_wconf 90' lang='lat' dir='ltr'><strong>hoc</strong></span> <span class='ocrx_word' id='word_1_535' title='bbox 1644 3703 1723 3760; x_wconf 90' lang='lat' dir='ltr'><strong>titulo</strong></span> <span class='ocrx_word' id='word_1_536' title='bbox 1736 3722 1814 3776; x_wconf 83' lang='lat' dir='ltr'><strong>prae·</strong></span> 
     </span>
     <span class='ocr_line' id='line_1_71' title="bbox 1001 3783 1810 3867; baseline 0.02 -32"><span class='ocrx_word' id='word_1_537' title='bbox 1001 3783 1102 3849; x_wconf 86' lang='lat' dir='ltr'><strong>notavi,</strong></span> <span class='ocrx_word' id='word_1_538' title='bbox 1116 3794 1144 3838; x_wconf 92' lang='lat' dir='ltr'><strong>ut</strong></span> <span class='ocrx_word' id='word_1_539' title='bbox 1157 3785 1421 3841; x_wconf 77' lang='lat' dir='ltr'><strong>decemnovennalis</strong></span> <span class='ocrx_word' id='word_1_540' title='bbox 1430 3798 1552 3843; x_wconf 86' lang='lat' dir='ltr'><strong>vocetur.</strong></span> <span class='ocrx_word' id='word_1_541' title='bbox 1566 3789 1711 3867; x_wconf 87' lang='lat' dir='ltr'><strong>Prologurn</strong></span> <span class='ocrx_word' id='word_1_542' title='bbox 1722 3795 1810 3851; x_wconf 88' lang='lat' dir='ltr'><strong>etiam</strong></span> 
     </span>
     <span class='ocr_line' id='line_1_72' title="bbox 999 3873 1837 3951; baseline 0.018 -24"><span class='ocrx_word' id='word_1_543' title='bbox 999 3873 1137 3929; x_wconf 91' lang='lat' dir='ltr'><strong>inmorem</strong></span> <span class='ocrx_word' id='word_1_544' title='bbox 1165 3875 1267 3951; x_wconf 90' lang='lat' dir='ltr'><strong>dialogi</strong></span> <span class='ocrx_word' id='word_1_545' title='bbox 1293 3879 1449 3949; x_wconf 91' lang='lat' dir='ltr'><strong>anteposui,</strong></span> <span class='ocrx_word' id='word_1_546' title='bbox 1474 3896 1555 3950; x_wconf 89' lang='lat' dir='ltr'><strong>quem</strong></span> <span class='ocrx_word' id='word_1_547' title='bbox 1575 3882 1664 3937; x_wconf 91' lang='lat' dir='ltr'><strong>tribus</strong></span> <span class='ocrx_word' id='word_1_548' title='bbox 1685 3887 1837 3943; x_wconf 69' lang='lat' dir='ltr'><strong>tomellis·</strong></span> 
     </span>
     <span class='ocr_line' id='line_1_73' title="bbox 997 3964 1812 4046; baseline 0.018 -28"><span class='ocrx_word' id='word_1_549' title='bbox 997 3964 1091 4033; x_wconf 90' lang='lat' dir='ltr'><strong>divisi,</strong></span> <span class='ocrx_word' id='word_1_550' title='bbox 1116 3966 1251 4033; x_wconf 90' lang='lat' dir='ltr'><strong>indicans,</strong></span> <span class='ocrx_word' id='word_1_551' title='bbox 1270 3966 1321 4020; x_wconf 90' lang='lat' dir='ltr'><strong>sub</strong></span> <span class='ocrx_word' id='word_1_552' title='bbox 1343 3983 1460 4038; x_wconf 89' lang='lat' dir='ltr'><strong>persona</strong></span> <span class='ocrx_word' id='word_1_553' title='bbox 1487 3968 1686 4046; x_wconf 87' lang='lat' dir='ltr'><strong>interrogantis</strong></span> <span class='ocrx_word' id='word_1_554' title='bbox 1710 3980 1738 4030; x_wconf 88' lang='lat' dir='ltr'><strong>et</strong></span> <span class='ocrx_word' id='word_1_555' title='bbox 1763 3992 1812 4033; x_wconf 89' lang='lat' dir='ltr'><strong>rc-</strong></span> 
     </span>
     <span class='ocr_line' id='line_1_74' title="bbox 998 4055 1806 4136; baseline 0.015 -27"><span class='ocrx_word' id='word_1_556' title='bbox 998 4055 1172 4125; x_wconf 90' lang='lat' dir='ltr'><strong>spondeutis,</strong></span> <span class='ocrx_word' id='word_1_557' title='bbox 1192 4055 1375 4112; x_wconf 88' lang='lat' dir='ltr'><strong>intentionem</strong></span> <span class='ocrx_word' id='word_1_558' title='bbox 1392 4064 1420 4111; x_wconf 91' lang='lat' dir='ltr'><strong>et</strong></span> <span class='ocrx_word' id='word_1_559' title='bbox 1431 4057 1574 4114; x_wconf 91' lang='lat' dir='ltr'><strong>utilitatem</strong></span> <span class='ocrx_word' id='word_1_560' title='bbox 1595 4060 1683 4131; x_wconf 89' lang='lat' dir='ltr'><strong>ipsius</strong></span> <span class='ocrx_word' id='word_1_561' title='bbox 1698 4065 1806 4136; x_wconf 90' lang='lat' dir='ltr'><strong>operis,</strong></span> 
     </span>
     <span class='ocr_line' id='line_1_75' title="bbox 999 4148 1809 4222; baseline 0.014 -19"><span class='ocrx_word' id='word_1_562' title='bbox 999 4148 1073 4204; x_wconf 88' lang='lat' dir='ltr'><strong>etad</strong></span> <span class='ocrx_word' id='word_1_563' title='bbox 1094 4164 1176 4221; x_wconf 88' lang='lat' dir='ltr'><strong>quarn</strong></span> <span class='ocrx_word' id='word_1_564' title='bbox 1193 4155 1295 4219; x_wconf 90' lang='lat' dir='ltr'><strong>partem</strong></span> <span class='ocrx_word' id='word_1_565' title='bbox 1313 4149 1499 4221; x_wconf 80' lang='lat' dir='ltr'><strong>philosophiae</strong></span> <span class='ocrx_word' id='word_1_566' title='bbox 1520 4153 1666 4222; x_wconf 88' lang='lat' dir='ltr'><strong>pertineat,</strong></span> <span class='ocrx_word' id='word_1_567' title='bbox 1698 4157 1809 4216; x_wconf 91' lang='lat' dir='ltr'><strong>scilicet</strong></span> 
     </span>
    </p>
   </div>
   <div class='ocr_carea' id='block_1_18' title="bbox 131 4236 1807 4771">
    <p class='ocr_par' dir='ltr' id='par_1_19' title="bbox 131 4236 1807 4771">
     <span class='ocr_line' id='line_1_76' title="bbox 136 4236 1807 4318; baseline 0.007 -25"><span class='ocrx_word' id='word_1_568' title='bbox 136 4236 277 4296; x_wconf 86' lang='lat' dir='ltr'><strong>Paschalis</strong></span> <span class='ocrx_word' id='word_1_569' title='bbox 288 4256 376 4312; x_wconf 88' lang='lat' dir='ltr'><strong>papae,</strong></span> <span class='ocrx_word' id='word_1_570' title='bbox 392 4240 440 4312; x_wconf 91' lang='lat' dir='ltr'><strong>qui</strong></span> <span class='ocrx_word' id='word_1_571' title='bbox 457 4239 640 4295; x_wconf 79' lang='lat' dir='ltr'><strong>leodiensem</strong></span> <span class='ocrx_word' id='word_1_572' title='bbox 656 4240 811 4309; x_wconf 87' lang='lat' dir='ltr'><strong>ecclesiam,</strong></span> <span class='ocrx_word' id='word_1_573' title='bbox 826 4249 947 4314; x_wconf 84' lang='lat' dir='ltr'><strong>aequeut</strong></span> <span class='ocrx_word' id='word_1_574' title='bbox 997 4242 1030 4297; x_wconf 89' lang='lat' dir='ltr'><strong>ad</strong></span> <span class='ocrx_word' id='word_1_575' title='bbox 1043 4243 1196 4314; x_wconf 83' lang='lat' dir='ltr'><strong>physicam.</strong></span> <span class='ocrx_word' id='word_1_576' title='bbox 1212 4240 1346 4310; x_wconf 87' lang='lat' dir='ltr'><strong>Subjunxi</strong></span> <span class='ocrx_word' id='word_1_577' title='bbox 1372 4241 1454 4297; x_wconf 87' lang='lat' dir='ltr'><strong>etiam</strong></span> <span class='ocrx_word' id='word_1_578' title='bbox 1481 4243 1563 4298; x_wconf 90' lang='lat' dir='ltr'><strong>utiles</strong></span> <span class='ocrx_word' id='word_1_579' title='bbox 1587 4245 1697 4318; x_wconf 88' lang='lat' dir='ltr'><strong>regulas</strong></span> <span class='ocrx_word' id='word_1_580' title='bbox 1725 4247 1807 4304; x_wconf 91' lang='lat' dir='ltr'><strong>inve-</strong></span> 
     </span>
     <span class='ocr_line' id='line_1_77' title="bbox 135 4326 1806 4404; baseline 0.007 -19"><span class='ocrx_word' id='word_1_581' title='bbox 135 4326 371 4397; x_wconf 76' lang='lat' dir='ltr'><strong>(lameracensem,</strong></span> <span class='ocrx_word' id='word_1_582' title='bbox 387 4348 403 4386; x_wconf 89' lang='lat' dir='ltr'><strong>a</strong></span> <span class='ocrx_word' id='word_1_583' title='bbox 419 4331 537 4387; x_wconf 82' lang='lat' dir='ltr'><strong>lieberto</strong></span> <span class='ocrx_word' id='word_1_584' title='bbox 558 4330 765 4387; x_wconf 86' lang='lat' dir='ltr'><strong>Flandrensium</strong></span> <span class='ocrx_word' id='word_1_585' title='bbox 781 4335 882 4390; x_wconf 91' lang='lat' dir='ltr'><strong>comite</strong></span> <span class='ocrx_word' id='word_1_586' title='bbox 897 4334 943 4404; x_wconf 86' lang='lat' dir='ltr'><strong>ju·</strong></span> <span class='ocrx_word' id='word_1_587' title='bbox 996 4334 1090 4390; x_wconf 92' lang='lat' dir='ltr'><strong>niendi</strong></span> <span class='ocrx_word' id='word_1_588' title='bbox 1104 4349 1199 4399; x_wconf 89' lang='lat' dir='ltr'><strong>annes,</strong></span> <span class='ocrx_word' id='word_1_589' title='bbox 1216 4339 1243 4388; x_wconf 92' lang='lat' dir='ltr'><strong>ct</strong></span> <span class='ocrx_word' id='word_1_590' title='bbox 1256 4332 1389 4389; x_wconf 91' lang='lat' dir='ltr'><strong>terminos</strong></span> <span class='ocrx_word' id='word_1_591' title='bbox 1409 4341 1436 4388; x_wconf 94' lang='lat' dir='ltr'><strong>et</strong></span> <span class='ocrx_word' id='word_1_592' title='bbox 1454 4333 1632 4404; x_wconf 88' lang='lat' dir='ltr'><strong>indictiones,</strong></span> <span class='ocrx_word' id='word_1_593' title='bbox 1647 4339 1806 4397; x_wconf 87' lang='lat' dir='ltr'><strong>secundum</strong></span> 
     </span>
     <span class='ocr_line' id='line_1_78' title="bbox 134 4384 1806 4500; baseline 0.007 -24"><span class='ocrx_word' id='word_1_594' title='bbox 134 4419 219 4478; x_wconf 90' lang='lat' dir='ltr'><strong>bebat</strong></span> <span class='ocrx_word' id='word_1_595' title='bbox 227 4421 365 4494; x_wconf 91' lang='lat' dir='ltr'><strong>perditum</strong></span> <span class='ocrx_word' id='word_1_596' title='bbox 385 4423 427 4478; x_wconf 90' lang='lat' dir='ltr'><strong>iri.</strong></span> <span class='ocrx_word' id='word_1_597' title='bbox 455 4422 640 4478; x_wconf 89' lang='lat' dir='ltr'><strong>Nihilominus</strong></span> <span class='ocrx_word' id='word_1_598' title='bbox 667 4423 727 4495; x_wconf 87' lang='lat' dir='ltr'><strong>ipso</strong></span> <span class='ocrx_word' id='word_1_599' title='bbox 744 4433 878 4496; x_wconf 89' lang='lat' dir='ltr'><strong>poscente</strong></span> <span class='ocrx_word' id='word_1_600' title='bbox 894 4443 938 4482; x_wconf 91' lang='lat' dir='ltr'><strong>rc·</strong></span> <span class='ocrx_word' id='word_1_601' title='bbox 955 4384 984 4452; x_wconf 76' lang='lat' dir='ltr'>D</span> <span class='ocrx_word' id='word_1_602' title='bbox 994 4423 1190 4495; x_wconf 90' lang='lat' dir='ltr'><strong>dispositiones</strong></span> <span class='ocrx_word' id='word_1_603' title='bbox 1206 4422 1304 4494; x_wconf 68' lang='lat' dir='ltr'><strong>ipsius.</strong></span> <span class='ocrx_word' id='word_1_604' title='bbox 1320 4422 1444 4479; x_wconf 90' lang='lat' dir='ltr'><strong>imitatus</strong></span> <span class='ocrx_word' id='word_1_605' title='bbox 1463 4425 1545 4479; x_wconf 90' lang='lat' dir='ltr'><strong>etiarn</strong></span> <span class='ocrx_word' id='word_1_606' title='bbox 1567 4425 1764 4500; x_wconf 81' lang='lat' dir='ltr'><strong>llieronymum</strong></span> <span class='ocrx_word' id='word_1_607' title='bbox 1776 4440 1806 4487; x_wconf 88' lang='lat' dir='ltr'><strong>et</strong></span> 
     </span>
     <span class='ocr_line' id='line_1_79' title="bbox 132 4511 1804 4587; baseline 0.004 -20"><span class='ocrx_word' id='word_1_608' title='bbox 132 4513 451 4582; x_wconf 84' lang='lat' dir='ltr'><strong>spondiTreverensibus</strong></span> <span class='ocrx_word' id='word_1_609' title='bbox 465 4513 500 4568; x_wconf 90' lang='lat' dir='ltr'><strong>de</strong></span> <span class='ocrx_word' id='word_1_610' title='bbox 513 4514 619 4583; x_wconf 76' lang='lat' dir='ltr'><strong>ieiunio</strong></span> <span class='ocrx_word' id='word_1_611' title='bbox 628 4515 749 4579; x_wconf 83' lang='lat' dir='ltr'><strong>Quatuor</strong></span> <span class='ocrx_word' id='word_1_612' title='bbox 763 4515 941 4587; x_wconf 87' lang='lat' dir='ltr'><strong>Tempornm,</strong></span> <span class='ocrx_word' id='word_1_613' title='bbox 993 4512 1176 4575; x_wconf 85' lang='lat' dir='ltr'><strong>Gennadium,</strong></span> <span class='ocrx_word' id='word_1_614' title='bbox 1192 4511 1424 4582; x_wconf 89' lang='lat' dir='ltr'><strong>seripsiultimum</strong></span> <span class='ocrx_word' id='word_1_615' title='bbox 1448 4513 1526 4568; x_wconf 94' lang='lat' dir='ltr'><strong>hunc</strong></span> <span class='ocrx_word' id='word_1_616' title='bbox 1544 4513 1670 4571; x_wconf 90' lang='lat' dir='ltr'><strong>libellum</strong></span> <span class='ocrx_word' id='word_1_617' title='bbox 1687 4517 1726 4572; x_wconf 81' lang='lat' dir='ltr'><strong>tte</strong></span> <span class='ocrx_word' id='word_1_618' title='bbox 1737 4517 1804 4575; x_wconf 91' lang='lat' dir='ltr'><strong>illu·</strong></span> 
     </span>
     <span class='ocr_line' id='line_1_80' title="bbox 131 4603 1803 4684; baseline 0.004 -23"><span class='ocrx_word' id='word_1_619' title='bbox 131 4603 180 4676; x_wconf 86' lang='lat' dir='ltr'><strong>qui</strong></span> <span class='ocrx_word' id='word_1_620' title='bbox 195 4607 304 4682; x_wconf 85' lang='lat' dir='ltr'><strong>regulas</strong></span> <span class='ocrx_word' id='word_1_621' title='bbox 325 4607 468 4676; x_wconf 81' lang='lat' dir='ltr'><strong>cuiusdam</strong></span> <span class='ocrx_word' id='word_1_622' title='bbox 494 4607 636 4676; x_wconf 87' lang='lat' dir='ltr'><strong>Bernouis,</strong></span> <span class='ocrx_word' id='word_1_623' title='bbox 661 4608 814 4663; x_wconf 89' lang='lat' dir='ltr'><strong>seeundum</strong></span> <span class='ocrx_word' id='word_1_624' title='bbox 829 4609 940 4684; x_wconf 88' lang='lat' dir='ltr'><strong>allego·</strong></span> <span class='ocrx_word' id='word_1_625' title='bbox 991 4604 1095 4661; x_wconf 86' lang='lat' dir='ltr'><strong>stribus</strong></span> <span class='ocrx_word' id='word_1_626' title='bbox 1105 4604 1179 4668; x_wconf 86' lang='lat' dir='ltr'><strong>viris,</strong></span> <span class='ocrx_word' id='word_1_627' title='bbox 1203 4610 1337 4676; x_wconf 88' lang='lat' dir='ltr'><strong>quantum</strong></span> <span class='ocrx_word' id='word_1_628' title='bbox 1362 4603 1461 4660; x_wconf 90' lang='lat' dir='ltr'><strong>notitia</strong></span> <span class='ocrx_word' id='word_1_629' title='bbox 1483 4621 1552 4662; x_wconf 85' lang='lat' dir='ltr'><strong>meae</strong></span> <span class='ocrx_word' id='word_1_630' title='bbox 1577 4606 1803 4681; x_wconf 86' lang='lat' dir='ltr'><strong>investigationis</strong></span> 
     </span>
     <span class='ocr_line' id='line_1_81' title="bbox 131 4690 1236 4771; baseline 0.004 -26"><span class='ocrx_word' id='word_1_631' title='bbox 131 4690 209 4758; x_wconf 83' lang='lat' dir='ltr'><strong>riam,</strong></span> <span class='ocrx_word' id='word_1_632' title='bbox 222 4703 252 4749; x_wconf 91' lang='lat' dir='ltr'><strong>ut</strong></span> <span class='ocrx_word' id='word_1_633' title='bbox 265 4693 318 4749; x_wconf 90' lang='lat' dir='ltr'><strong>sibi</strong></span> <span class='ocrx_word' id='word_1_634' title='bbox 335 4694 454 4764; x_wconf 90' lang='lat' dir='ltr'><strong>videtur,</strong></span> <span class='ocrx_word' id='word_1_635' title='bbox 478 4695 549 4751; x_wconf 90' lang='lat' dir='ltr'><strong>bcue</strong></span> <span class='ocrx_word' id='word_1_636' title='bbox 574 4695 764 4764; x_wconf 88' lang='lat' dir='ltr'><strong>concinnatas,</strong></span> <span class='ocrx_word' id='word_1_637' title='bbox 778 4695 938 4767; x_wconf 87' lang='lat' dir='ltr'><strong>observant,</strong></span> <span class='ocrx_word' id='word_1_638' title='bbox 990 4699 1135 4771; x_wconf 84' lang='lat' dir='ltr'><strong>exquirere</strong></span> <span class='ocrx_word' id='word_1_639' title='bbox 1151 4697 1236 4769; x_wconf 91' lang='lat' dir='ltr'><strong>potui.</strong></span> 
     </span>
    </p>
   </div>
   <div class='ocr_carea' id='block_1_19' title="bbox 119 4795 1800 5732">
    <p class='ocr_par' dir='ltr' id='par_1_20' title="bbox 746 4795 1179 4857">
     <span class='ocr_line' id='line_1_82' title="bbox 746 4795 1179 4857; baseline 0.007 -7"><span class='ocrx_word' id='word_1_640' title='bbox 746 4795 888 4854; x_wconf 82' lang='lat' dir='ltr'><strong>auauart</strong></span> <span class='ocrx_word' id='word_1_641' title='bbox 907 4799 1011 4857; x_wconf 84' lang='lat' dir='ltr'><strong>lllltAEt</strong></span> <span class='ocrx_word' id='word_1_642' title='bbox 1032 4798 1179 4856; x_wconf 79' lang='lat' dir='ltr'><strong>SCllOle.</strong></span> 
     </span>
    </p>

    <p class='ocr_par' dir='ltr' id='par_1_21' title="bbox 119 4861 1800 5732">
     <span class='ocr_line' id='line_1_83' title="bbox 165 4861 1800 4944; baseline 0.01 -26"><span class='ocrx_word' id='word_1_643' title='bbox 165 4861 239 4935; x_wconf 80' lang='lat'><strong>(860)</strong></span> <span class='ocrx_word' id='word_1_644' title='bbox 254 4863 425 4940; x_wconf 88' lang='lat' dir='ltr'><strong>Sigebertus,</strong></span> <span class='ocrx_word' id='word_1_645' title='bbox 440 4867 644 4924; x_wconf 88' lang='lat' dir='ltr'><strong>Gemhlacensis</strong></span> <span class='ocrx_word' id='word_1_646' title='bbox 670 4867 698 4922; x_wconf 93' lang='lat' dir='ltr'><strong>iu</strong></span> <span class='ocrx_word' id='word_1_647' title='bbox 716 4867 860 4924; x_wconf 86' lang='lat' dir='ltr'><strong>Brahantia</strong></span> <span class='ocrx_word' id='word_1_648' title='bbox 876 4886 936 4927; x_wconf 91' lang='lat' dir='ltr'><strong>mo·</strong></span> <span class='ocrx_word' id='word_1_649' title='bbox 987 4872 1092 4938; x_wconf 88' lang='lat' dir='ltr'><strong>bertus,</strong></span> <span class='ocrx_word' id='word_1_650' title='bbox 1110 4869 1288 4941; x_wconf 84' lang='lat' dir='ltr'><strong>pontificibus</strong></span> <span class='ocrx_word' id='word_1_651' title='bbox 1300 4872 1451 4944; x_wconf 84' lang='lat' dir='ltr'><strong>plusaequo</strong></span> <span class='ocrx_word' id='word_1_652' title='bbox 1466 4871 1549 4927; x_wconf 87' lang='lat' dir='ltr'><strong>luerit</strong></span> <span class='ocrx_word' id='word_1_653' title='bbox 1563 4872 1698 4929; x_wconf 78' lang='lat' dir='ltr'><strong>insensior</strong></span> <span class='ocrx_word' id='word_1_654' title='bbox 1718 4876 1800 4935; x_wconf 89' lang='lat' dir='ltr'><strong>Unde</strong></span> 
     </span>
     <span class='ocr_line' id='line_1_84' title="bbox 128 4936 1800 5016; baseline 0.01 -26"><span class='ocrx_word' id='word_1_655' title='bbox 128 4937 244 5000; x_wconf 81' lang='lat' dir='ltr'><strong>nachus,</strong></span> <span class='ocrx_word' id='word_1_656' title='bbox 260 4936 365 4992; x_wconf 87' lang='lat' dir='ltr'><strong>ordinis</strong></span> <span class='ocrx_word' id='word_1_657' title='bbox 384 4942 411 4999; x_wconf 79' lang='lat' dir='ltr'><strong>S.</strong></span> <span class='ocrx_word' id='word_1_658' title='bbox 428 4939 582 5005; x_wconf 88' lang='lat' dir='ltr'><strong>Benedicti,</strong></span> <span class='ocrx_word' id='word_1_659' title='bbox 602 4938 690 5009; x_wconf 90' lang='lat' dir='ltr'><strong>prima</strong></span> <span class='ocrx_word' id='word_1_660' title='bbox 702 4946 782 4995; x_wconf 80' lang='lat' dir='ltr'><strong>atate</strong></span> <span class='ocrx_word' id='word_1_661' title='bbox 799 4941 890 5006; x_wconf 87' lang='lat' dir='ltr'><strong>lictis,</strong></span> <span class='ocrx_word' id='word_1_662' title='bbox 907 4943 934 4997; x_wconf 94' lang='lat' dir='ltr'><strong>iu</strong></span> <span class='ocrx_word' id='word_1_663' title='bbox 986 4959 1048 5016; x_wconf 75' lang='lat' dir='ltr'><strong>quaa</strong></span> <span class='ocrx_word' id='word_1_664' title='bbox 1065 4951 1158 4998; x_wconf 89' lang='lat' dir='ltr'><strong>contra</strong></span> <span class='ocrx_word' id='word_1_665' title='bbox 1185 4942 1345 5016; x_wconf 81' lang='lat' dir='ltr'><strong>Gregorium</strong></span> <span class='ocrx_word' id='word_1_666' title='bbox 1373 4951 1401 4999; x_wconf 90' lang='lat' dir='ltr'><strong>et</strong></span> <span class='ocrx_word' id='word_1_667' title='bbox 1417 4943 1576 4998; x_wconf 90' lang='lat' dir='ltr'><strong>Paschalem</strong></span> <span class='ocrx_word' id='word_1_668' title='bbox 1591 4945 1712 5015; x_wconf 88' lang='lat' dir='ltr'><strong>scripsit,</strong></span> <span class='ocrx_word' id='word_1_669' title='bbox 1727 4955 1756 5003; x_wconf 94' lang='lat' dir='ltr'><strong>ut</strong></span> <span class='ocrx_word' id='word_1_670' title='bbox 1770 4959 1800 5007; x_wconf 88' lang='lat' dir='ltr'><strong>et</strong></span> 
     </span>
     <span class='ocr_line' id='line_1_85' title="bbox 127 5007 1798 5088; baseline 0.008 -25"><span class='ocrx_word' id='word_1_671' title='bbox 127 5007 258 5066; x_wconf 78' lang='lat' dir='ltr'><strong>coenobio</strong></span> <span class='ocrx_word' id='word_1_672' title='bbox 292 5008 320 5064; x_wconf 88' lang='lat' dir='ltr'><strong>S.</strong></span> <span class='ocrx_word' id='word_1_673' title='bbox 348 5009 495 5074; x_wconf 76' lang='lat' dir='ltr'><strong>vincentii,</strong></span> <span class='ocrx_word' id='word_1_674' title='bbox 526 5009 627 5065; x_wconf 92' lang='lat' dir='ltr'><strong>multos</strong></span> <span class='ocrx_word' id='word_1_675' title='bbox 650 5010 763 5077; x_wconf 88' lang='lat' dir='ltr'><strong>erudiit,</strong></span> <span class='ocrx_word' id='word_1_676' title='bbox 793 5014 934 5085; x_wconf 87' lang='lat' dir='ltr'><strong>multaque</strong></span> <span class='ocrx_word' id='word_1_677' title='bbox 985 5015 1049 5080; x_wconf 87' lang='lat' dir='ltr'><strong>alia,</strong></span> <span class='ocrx_word' id='word_1_678' title='bbox 1070 5013 1241 5069; x_wconf 84' lang='lat' dir='ltr'><strong>vetitaesunt</strong></span> <span class='ocrx_word' id='word_1_679' title='bbox 1265 5013 1403 5069; x_wconf 86' lang='lat' dir='ltr'><strong>lectionis.</strong></span> <span class='ocrx_word' id='word_1_680' title='bbox 1434 5014 1609 5088; x_wconf 83' lang='lat' dir='ltr'><strong>Sigebertum</strong></span> <span class='ocrx_word' id='word_1_681' title='bbox 1633 5018 1798 5078; x_wconf 81' lang='lat' dir='ltr'><strong>relutarunt</strong></span> 
     </span>
     <span class='ocr_line' id='line_1_86' title="bbox 125 5077 1799 5160; baseline 0.008 -25"><span class='ocrx_word' id='word_1_682' title='bbox 125 5077 246 5150; x_wconf 76' lang='lat' dir='ltr'><strong>scripsit,</strong></span> <span class='ocrx_word' id='word_1_683' title='bbox 263 5079 396 5136; x_wconf 83' lang='lat' dir='ltr'><strong>Fulcuino</strong></span> <span class='ocrx_word' id='word_1_684' title='bbox 424 5080 552 5137; x_wconf 88' lang='lat' dir='ltr'><strong>Lobicnsi</strong></span> <span class='ocrx_word' id='word_1_685' title='bbox 565 5080 658 5135; x_wconf 89' lang='lat' dir='ltr'><strong>abbati</strong></span> <span class='ocrx_word' id='word_1_686' title='bbox 678 5080 830 5138; x_wconf 82' lang='lat' dir='ltr'><strong>familiaris.</strong></span> <span class='ocrx_word' id='word_1_687' title='bbox 853 5083 934 5140; x_wconf 85' lang='lat' dir='ltr'><strong>Gem·</strong></span> <span class='ocrx_word' id='word_1_688' title='bbox 983 5085 1128 5142; x_wconf 80' lang='lat' dir='ltr'><strong>dnselrnus</strong></span> <span class='ocrx_word' id='word_1_689' title='bbox 1142 5085 1225 5155; x_wconf 89' lang='lat' dir='ltr'><strong>epist.</strong></span> <span class='ocrx_word' id='word_1_690' title='bbox 1255 5085 1289 5138; x_wconf 90' lang='lat' dir='ltr'><strong>ad</strong></span> <span class='ocrx_word' id='word_1_691' title='bbox 1310 5085 1486 5141; x_wconf 86' lang='lat' dir='ltr'><strong>Guillelmunr</strong></span> <span class='ocrx_word' id='word_1_692' title='bbox 1511 5085 1649 5155; x_wconf 91' lang='lat' dir='ltr'><strong>abbatem,</strong></span> <span class='ocrx_word' id='word_1_693' title='bbox 1674 5105 1738 5160; x_wconf 85' lang='lat' dir='ltr'><strong>quae</strong></span> <span class='ocrx_word' id='word_1_694' title='bbox 1754 5100 1799 5148; x_wconf 90' lang='lat' dir='ltr'><strong>est</strong></span> 
     </span>
     <span class='ocr_line' id='line_1_87' title="bbox 126 5145 1798 5227; baseline 0.011 -25"><span class='ocrx_word' id='word_1_695' title='bbox 126 5145 235 5206; x_wconf 86' lang='lat' dir='ltr'><strong>blucum</strong></span> <span class='ocrx_word' id='word_1_696' title='bbox 249 5166 385 5219; x_wconf 90' lang='lat' dir='ltr'><strong>reversus,</strong></span> <span class='ocrx_word' id='word_1_697' title='bbox 402 5152 511 5207; x_wconf 89' lang='lat' dir='ltr'><strong>demum</strong></span> <span class='ocrx_word' id='word_1_698' title='bbox 527 5158 606 5207; x_wconf 79' lang='lat' dir='ltr'><strong>aetate</strong></span> <span class='ocrx_word' id='word_1_699' title='bbox 620 5152 734 5225; x_wconf 86' lang='lat' dir='ltr'><strong>grandis</strong></span> <span class='ocrx_word' id='word_1_700' title='bbox 747 5153 820 5209; x_wconf 91' lang='lat' dir='ltr'><strong>diem</strong></span> <span class='ocrx_word' id='word_1_701' title='bbox 832 5170 933 5227; x_wconf 81' lang='lat' dir='ltr'><strong>supre—</strong></span> <span class='ocrx_word' id='word_1_702' title='bbox 983 5171 1100 5213; x_wconf 90' lang='lat' dir='ltr'><strong>numere</strong></span> <span class='ocrx_word' id='word_1_703' title='bbox 1119 5164 1235 5220; x_wconf 70' lang='lat' dir='ltr'><strong>octava:</strong></span> <span class='ocrx_word' id='word_1_704' title='bbox 1252 5156 1385 5215; x_wconf 87' lang='lat' dir='ltr'><strong>Baronius</strong></span> <span class='ocrx_word' id='word_1_705' title='bbox 1395 5157 1422 5211; x_wconf 94' lang='lat' dir='ltr'><strong>in</strong></span> <span class='ocrx_word' id='word_1_706' title='bbox 1439 5158 1604 5221; x_wconf 82' lang='lat' dir='ltr'><strong>Annalibus;</strong></span> <span class='ocrx_word' id='word_1_707' title='bbox 1615 5159 1798 5220; x_wconf 81' lang='lat' dir='ltr'><strong>bellarminus</strong></span> 
     </span>
     <span class='ocr_line' id='line_1_88' title="bbox 124 5221 1795 5301; baseline 0.008 -25"><span class='ocrx_word' id='word_1_708' title='bbox 124 5222 281 5291; x_wconf 87' lang='lat' dir='ltr'><strong>mumebiit</strong></span> <span class='ocrx_word' id='word_1_709' title='bbox 294 5239 324 5279; x_wconf 90' lang='grc' dir='ltr'><strong>ιιι</strong></span> <span class='ocrx_word' id='word_1_710' title='bbox 338 5221 568 5279; x_wconf 84' lang='lat' dir='ltr'><strong>NonasOctobris</strong></span> <span class='ocrx_word' id='word_1_711' title='bbox 582 5237 655 5277; x_wconf 88' lang='lat' dir='ltr'><strong>anno</strong></span> <span class='ocrx_word' id='word_1_712' title='bbox 683 5224 761 5292; x_wconf 80' lang='lat' dir='ltr'><strong>trra,</strong></span> <span class='ocrx_word' id='word_1_713' title='bbox 775 5225 849 5297; x_wconf 90' lang='lat' dir='ltr'><strong>apud</strong></span> <span class='ocrx_word' id='word_1_714' title='bbox 864 5242 929 5282; x_wconf 87' lang='lat' dir='ltr'><strong>suos</strong></span> <span class='ocrx_word' id='word_1_715' title='bbox 982 5227 1152 5301; x_wconf 78' lang='lat' dir='ltr'><strong>incatalogo</strong></span> <span class='ocrx_word' id='word_1_716' title='bbox 1181 5237 1208 5282; x_wconf 92' lang='lat' dir='ltr'><strong>et</strong></span> <span class='ocrx_word' id='word_1_717' title='bbox 1231 5227 1260 5283; x_wconf 96' lang='lat' dir='ltr'><strong>in</strong></span> <span class='ocrx_word' id='word_1_718' title='bbox 1292 5227 1544 5284; x_wconf 71' lang='lat' dir='ltr'><strong>controversiarum</strong></span> <span class='ocrx_word' id='word_1_719' title='bbox 1571 5230 1657 5284; x_wconf 90' lang='lat' dir='ltr'><strong>libris.</strong></span> <span class='ocrx_word' id='word_1_720' title='bbox 1676 5232 1745 5288; x_wconf 89' lang='lat' dir='ltr'><strong>llide</strong></span> <span class='ocrx_word' id='word_1_721' title='bbox 1766 5241 1795 5290; x_wconf 89' lang='lat' dir='ltr'><strong>et</strong></span> 
     </span>
     <span class='ocr_line' id='line_1_89' title="bbox 123 5291 1796 5379; baseline 0.007 -30"><span class='ocrx_word' id='word_1_722' title='bbox 123 5291 262 5374; x_wconf 71' lang='lat' dir='ltr'><strong>cauditus.</strong></span> <span class='ocrx_word' id='word_1_723' title='bbox 279 5293 358 5350; x_wconf 87' lang='lat' dir='ltr'><strong>llotct</strong></span> <span class='ocrx_word' id='word_1_724' title='bbox 371 5309 436 5350; x_wconf 88' lang='lat' dir='ltr'><strong>varo</strong></span> <span class='ocrx_word' id='word_1_725' title='bbox 452 5294 539 5375; x_wconf 78' lang='lat' dir='ltr'><strong>lector</strong></span> <span class='ocrx_word' id='word_1_726' title='bbox 557 5292 586 5347; x_wconf 94' lang='lat' dir='ltr'><strong>in</strong></span> <span class='ocrx_word' id='word_1_727' title='bbox 601 5308 633 5348; x_wconf 89' lang='lat' dir='ltr'><strong>ea</strong></span> <span class='ocrx_word' id='word_1_728' title='bbox 660 5293 791 5352; x_wconf 88' lang='lat' dir='ltr'><strong>incidisse</strong></span> <span class='ocrx_word' id='word_1_729' title='bbox 804 5303 929 5379; x_wconf 86' lang='lat' dir='ltr'><strong>tempora</strong></span> <span class='ocrx_word' id='word_1_730' title='bbox 979 5299 1178 5374; x_wconf 88' lang='lat' dir='ltr'><strong>Protegemena</strong></span> <span class='ocrx_word' id='word_1_731' title='bbox 1197 5315 1258 5371; x_wconf 87' lang='lat' dir='ltr'><strong>quae</strong></span> <span class='ocrx_word' id='word_1_732' title='bbox 1276 5298 1382 5370; x_wconf 77' lang='lat' dir='ltr'><strong>pretini</strong></span> <span class='ocrx_word' id='word_1_733' title='bbox 1398 5298 1534 5356; x_wconf 80' lang='lat' dir='ltr'><strong>Chronico</strong></span> <span class='ocrx_word' id='word_1_734' title='bbox 1550 5300 1698 5375; x_wconf 87' lang='lat' dir='ltr'><strong>Sigeherti,</strong></span> <span class='ocrx_word' id='word_1_735' title='bbox 1715 5304 1750 5359; x_wconf 87' lang='lat' dir='ltr'><strong>ad</strong></span> <span class='ocrx_word' id='word_1_736' title='bbox 1762 5303 1796 5360; x_wconf 85' lang='lat' dir='ltr'><strong>h-</strong></span> 
     </span>
     <span class='ocr_line' id='line_1_90' title="bbox 122 5360 1795 5446; baseline 0.01 -30"><span class='ocrx_word' id='word_1_737' title='bbox 122 5360 297 5437; x_wconf 84' lang='lat' dir='ltr'><strong>Srgebertum</strong></span> <span class='ocrx_word' id='word_1_738' title='bbox 311 5365 413 5438; x_wconf 89' lang='lat' dir='ltr'><strong>quibus</strong></span> <span class='ocrx_word' id='word_1_739' title='bbox 427 5364 547 5420; x_wconf 80' lang='lat' dir='ltr'><strong>Ecclesia</strong></span> <span class='ocrx_word' id='word_1_740' title='bbox 562 5372 590 5420; x_wconf 88' lang='lat' dir='ltr'><strong>et</strong></span> <span class='ocrx_word' id='word_1_741' title='bbox 603 5367 761 5437; x_wconf 90' lang='lat' dir='ltr'><strong>respublica</strong></span> <span class='ocrx_word' id='word_1_742' title='bbox 775 5368 929 5424; x_wconf 81' lang='lat' dir='ltr'><strong>Christiana</strong></span> <span class='ocrx_word' id='word_1_743' title='bbox 979 5371 1041 5427; x_wconf 86' lang='lat' dir='ltr'><strong>dem</strong></span> <span class='ocrx_word' id='word_1_744' title='bbox 1055 5372 1218 5446; x_wconf 87' lang='lat' dir='ltr'><strong>autographi</strong></span> <span class='ocrx_word' id='word_1_745' title='bbox 1239 5387 1254 5425; x_wconf 92' lang='lat' dir='ltr'><strong>a</strong></span> <span class='ocrx_word' id='word_1_746' title='bbox 1273 5387 1318 5426; x_wconf 90' lang='lat' dir='ltr'><strong>me</strong></span> <span class='ocrx_word' id='word_1_747' title='bbox 1347 5378 1515 5442; x_wconf 89' lang='lat' dir='ltr'><strong>comparato,</strong></span> <span class='ocrx_word' id='word_1_748' title='bbox 1542 5380 1570 5427; x_wconf 88' lang='lat' dir='ltr'><strong>et</strong></span> <span class='ocrx_word' id='word_1_749' title='bbox 1599 5373 1795 5433; x_wconf 83' lang='lat' dir='ltr'><strong>Perdussianis</strong></span> 
     </span>
     <span class='ocr_line' id='line_1_91' title="bbox 121 5433 1794 5525; baseline 0.01 -38"><span class='ocrx_word' id='word_1_750' title='bbox 121 5433 241 5515; x_wconf 78' lang='lat' dir='ltr'><strong>maxima</strong></span> <span class='ocrx_word' id='word_1_751' title='bbox 256 5437 363 5492; x_wconf 87' lang='lat' dir='ltr'><strong>turbata</strong></span> <span class='ocrx_word' id='word_1_752' title='bbox 378 5435 440 5518; x_wconf 82' lang='lat' dir='ltr'><strong>luit,</strong></span> <span class='ocrx_word' id='word_1_753' title='bbox 468 5435 503 5490; x_wconf 90' lang='lat' dir='ltr'><strong>ob</strong></span> <span class='ocrx_word' id='word_1_754' title='bbox 530 5436 675 5492; x_wconf 88' lang='lat' dir='ltr'><strong>dissidium</strong></span> <span class='ocrx_word' id='word_1_755' title='bbox 692 5438 763 5493; x_wconf 88' lang='lat' dir='ltr'><strong>inter</strong></span> <span class='ocrx_word' id='word_1_756' title='bbox 790 5439 927 5496; x_wconf 86' lang='lat' dir='ltr'><strong>Romanos</strong></span> <span class='ocrx_word' id='word_1_757' title='bbox 978 5443 1051 5525; x_wconf 81' lang='lat' dir='ltr'><strong>typis</strong></span> <span class='ocrx_word' id='word_1_758' title='bbox 1067 5443 1224 5513; x_wconf 75' lang='lat' dir='ltr'><strong>antuerpia</strong></span> <span class='ocrx_word' id='word_1_759' title='bbox 1244 5458 1317 5499; x_wconf 89' lang='lat' dir='ltr'><strong>anno</strong></span> <span class='ocrx_word' id='word_1_760' title='bbox 1332 5441 1401 5497; x_wconf 80' lang='lat' dir='ltr'><strong>teos</strong></span> <span class='ocrx_word' id='word_1_761' title='bbox 1417 5443 1492 5498; x_wconf 91' lang='lat' dir='ltr'><strong>edito</strong></span> <span class='ocrx_word' id='word_1_762' title='bbox 1521 5444 1586 5508; x_wconf 79' lang='lat' dir='ltr'><strong>Quae</strong></span> <span class='ocrx_word' id='word_1_763' title='bbox 1602 5445 1714 5516; x_wconf 89' lang='lat' dir='ltr'><strong>quidem</strong></span> <span class='ocrx_word' id='word_1_764' title='bbox 1732 5448 1794 5503; x_wconf 91' lang='lat' dir='ltr'><strong>edi·</strong></span> 
     </span>
     <span class='ocr_line' id='line_1_92' title="bbox 121 5502 1793 5591; baseline 0.01 -33"><span class='ocrx_word' id='word_1_765' title='bbox 121 5502 268 5573; x_wconf 80' lang='lat' dir='ltr'><strong>pontifices</strong></span> <span class='ocrx_word' id='word_1_766' title='bbox 282 5507 444 5591; x_wconf 71' lang='lat' dir='ltr'><strong>Gregorrum</strong></span> <span class='ocrx_word' id='word_1_767' title='bbox 454 5507 511 5574; x_wconf 92' lang='lat' dir='ltr'><strong>Vll,</strong></span> <span class='ocrx_word' id='word_1_768' title='bbox 522 5505 722 5590; x_wconf 80' lang='lat' dir='ltr'><strong>Urbanurnllet</strong></span> <span class='ocrx_word' id='word_1_769' title='bbox 738 5510 926 5566; x_wconf 90' lang='lat' dir='ltr'><strong>Paselralemll</strong></span> <span class='ocrx_word' id='word_1_770' title='bbox 979 5522 1016 5570; x_wconf 88' lang='lat' dir='ltr'><strong>tro</strong></span> <span class='ocrx_word' id='word_1_771' title='bbox 1031 5517 1089 5571; x_wconf 89' lang='lat' dir='ltr'><strong>sola</strong></span> <span class='ocrx_word' id='word_1_772' title='bbox 1104 5522 1146 5570; x_wconf 87' lang='lat' dir='ltr'><strong>est</strong></span> <span class='ocrx_word' id='word_1_773' title='bbox 1165 5513 1296 5588; x_wconf 86' lang='lat' dir='ltr'><strong>genuina,</strong></span> <span class='ocrx_word' id='word_1_774' title='bbox 1320 5523 1415 5583; x_wconf 88' lang='lat' dir='ltr'><strong>utpote</strong></span> <span class='ocrx_word' id='word_1_775' title='bbox 1443 5514 1529 5569; x_wconf 88' lang='lat' dir='ltr'><strong>libera</strong></span> <span class='ocrx_word' id='word_1_776' title='bbox 1544 5532 1560 5570; x_wconf 93' lang='lat' dir='ltr'><strong>a</strong></span> <span class='ocrx_word' id='word_1_777' title='bbox 1576 5515 1658 5589; x_wconf 88' lang='lat' dir='ltr'><strong>augis</strong></span> <span class='ocrx_word' id='word_1_778' title='bbox 1674 5532 1706 5573; x_wconf 89' lang='lat' dir='ltr'><strong>ac</strong></span> <span class='ocrx_word' id='word_1_779' title='bbox 1725 5519 1793 5591; x_wconf 91' lang='lat' dir='ltr'><strong>qui·</strong></span> 
     </span>
     <span class='ocr_line' id='line_1_93' title="bbox 120 5577 1791 5662; baseline 0.011 -34"><span class='ocrx_word' id='word_1_780' title='bbox 120 5587 153 5629; x_wconf 80' lang='lat' dir='ltr'><strong>ca</strong></span> <span class='ocrx_word' id='word_1_781' title='bbox 168 5590 223 5630; x_wconf 88' lang='lat' dir='ltr'><strong>una</strong></span> <span class='ocrx_word' id='word_1_782' title='bbox 237 5584 323 5646; x_wconf 90' lang='lat' dir='ltr'><strong>parte,</strong></span> <span class='ocrx_word' id='word_1_783' title='bbox 344 5585 459 5660; x_wconf 76' lang='lat' dir='ltr'><strong>eleuter</strong></span> <span class='ocrx_word' id='word_1_784' title='bbox 481 5577 628 5635; x_wconf 87' lang='lat' dir='ltr'><strong>llenrrcum</strong></span> <span class='ocrx_word' id='word_1_785' title='bbox 649 5580 682 5635; x_wconf 91' lang='lat' dir='ltr'><strong>lll</strong></span> <span class='ocrx_word' id='word_1_786' title='bbox 694 5598 764 5652; x_wconf 87' lang='lat' dir='ltr'><strong>rmp.</strong></span> <span class='ocrx_word' id='word_1_787' title='bbox 784 5597 816 5636; x_wconf 85' lang='lat' dir='ltr'><strong>ex</strong></span> <span class='ocrx_word' id='word_1_788' title='bbox 829 5582 924 5638; x_wconf 86' lang='lat' dir='ltr'><strong>altera.</strong></span> <span class='ocrx_word' id='word_1_789' title='bbox 977 5587 1087 5659; x_wconf 87' lang='lat' dir='ltr'><strong>squillis</strong></span> <span class='ocrx_word' id='word_1_790' title='bbox 1102 5587 1225 5654; x_wconf 72' lang='lat' dir='ltr'><strong>Galsatdt</strong></span> <span class='ocrx_word' id='word_1_791' title='bbox 1240 5589 1445 5641; x_wconf 80' lang='lat' dir='ltr'><strong>Mortumeteruis</strong></span> <span class='ocrx_word' id='word_1_792' title='bbox 1459 5602 1509 5641; x_wconf 89' lang='lat' dir='ltr'><strong>seu</strong></span> <span class='ocrx_word' id='word_1_793' title='bbox 1524 5588 1712 5657; x_wconf 83' lang='lat' dir='ltr'><strong>Araphenst&#39;a,</strong></span> <span class='ocrx_word' id='word_1_794' title='bbox 1728 5606 1791 5662; x_wconf 79' lang='lat' dir='ltr'><strong>quae</strong></span> 
     </span>
     <span class='ocr_line' id='line_1_94' title="bbox 119 5641 1708 5732; baseline 0.008 -30"><span class='ocrx_word' id='word_1_795' title='bbox 119 5641 178 5709; x_wconf 78' lang='lat' dir='ltr'><strong>Quo</strong></span> <span class='ocrx_word' id='word_1_796' title='bbox 193 5643 294 5703; x_wconf 87' lang='lat' dir='ltr'><strong>tactum</strong></span> <span class='ocrx_word' id='word_1_797' title='bbox 309 5657 352 5706; x_wconf 88' lang='lat' dir='ltr'><strong>est</strong></span> <span class='ocrx_word' id='word_1_798' title='bbox 364 5655 394 5706; x_wconf 88' lang='lat' dir='ltr'><strong>ut</strong></span> <span class='ocrx_word' id='word_1_799' title='bbox 420 5650 595 5722; x_wconf 79' lang='lat' dir='ltr'><strong>imperatoris</strong></span> <span class='ocrx_word' id='word_1_800' title='bbox 610 5660 703 5725; x_wconf 89' lang='lat' dir='ltr'><strong>partes</strong></span> <span class='ocrx_word' id='word_1_801' title='bbox 717 5657 828 5710; x_wconf 89' lang='lat' dir='ltr'><strong>secutus</strong></span> <span class='ocrx_word' id='word_1_802' title='bbox 843 5653 925 5728; x_wconf 87' lang='lat' dir='ltr'><strong>Sige-</strong></span> <span class='ocrx_word' id='word_1_803' title='bbox 977 5657 1006 5713; x_wconf 88' lang='lat' dir='ltr'><strong>ia</strong></span> <span class='ocrx_word' id='word_1_804' title='bbox 1017 5658 1080 5715; x_wconf 88' lang='lat' dir='ltr'><strong>aliis</strong></span> <span class='ocrx_word' id='word_1_805' title='bbox 1096 5658 1226 5715; x_wconf 90' lang='lat' dir='ltr'><strong>omuibus</strong></span> <span class='ocrx_word' id='word_1_806' title='bbox 1234 5656 1404 5714; x_wconf 88' lang='lat' dir='ltr'><strong>editionibus</strong></span> <span class='ocrx_word' id='word_1_807' title='bbox 1419 5658 1552 5729; x_wconf 81' lang='lat' dir='ltr'><strong>inspersae</strong></span> <span class='ocrx_word' id='word_1_808' title='bbox 1567 5659 1708 5732; x_wconf 83' lang='lat' dir='ltr'><strong>teguntur.</strong></span> 
     </span>
    </p>
   </div>
   <div class='ocr_carea' id='block_1_20' title="bbox 0 0 1864 6014">
    <p class='ocr_par' dir='ltr' id='par_1_22' title="bbox 0 0 1864 6014">
     <span class='ocr_line' id='line_1_95' title="bbox 0 0 1864 6014; baseline 0 9"><span class='ocrx_word' id='word_1_809' title='bbox 0 0 1864 6014; x_wconf 95' lang='lat' dir='ltr'><strong> </strong></span> 
     </span>
    </p>
   </div>
  </div>
 </body>
</html>
