<?xml version="1.0" encoding="UTF-8"?>
<!DOCTYPE html PUBLIC "-//W3C//DTD XHTML 1.0 Transitional//EN"
    "http://www.w3.org/TR/xhtml1/DTD/xhtml1-transitional.dtd">
<html xmlns="http://www.w3.org/1999/xhtml" xml:lang="en" lang="en">
 <head>
  <title>
</title>
<meta http-equiv="Content-Type" content="text/html;charset=utf-8" />
  <meta name='ocr-system' content='tesseract 3.04.00' />
  <meta name='ocr-capabilities' content='ocr_page ocr_carea ocr_par ocr_line ocrx_word'/>
</head>
<body>
  <div class='ocr_page' id='page_1' title='image "./patrologiaecurs69unkngoog_0385.png"; bbox 0 0 3720 6014; ppageno 0'>
   <div class='ocr_carea' id='block_1_1' title="bbox 695 205 1139 265">
    <p class='ocr_par' dir='ltr' id='par_1_1' title="bbox 695 205 1139 265">
     <span class='ocr_line' id='line_1_1' title="bbox 695 205 1139 265; baseline -0.005 -1"><span class='ocrx_word' id='word_1_1' title='bbox 695 207 865 265; x_wconf 72' lang='lat' dir='ltr'><strong>statuatur</strong></span> <span class='ocrx_word' id='word_1_2' title='bbox 885 205 1139 263; x_wconf 77' lang='lat' dir='ltr'><strong>otuetlcurtsts</strong></span> 
     </span>
    </p>
   </div>
   <div class='ocr_carea' id='block_1_2' title="bbox 513 592 1316 738">
    <p class='ocr_par' dir='ltr' id='par_1_2' title="bbox 513 592 1316 738">
     <span class='ocr_line' id='line_1_2' title="bbox 513 592 1316 738; baseline -0.006 -15"><span class='ocrx_word' id='word_1_3' title='bbox 513 592 818 724; x_wconf 80' lang='lat' dir='ltr'><strong>SANCTI</strong></span> <span class='ocrx_word' id='word_1_4' title='bbox 872 592 1316 738; x_wconf 78' lang='lat' dir='ltr'><strong>LAMBERTI</strong></span> 
     </span>
    </p>
   </div>
   <div class='ocr_carea' id='block_1_3' title="bbox 354 894 1542 984">
    <p class='ocr_par' dir='ltr' id='par_1_3' title="bbox 354 894 1542 984">
     <span class='ocr_line' id='line_1_3' title="bbox 354 894 1542 984; baseline 0 -1"><span class='ocrx_word' id='word_1_5' title='bbox 354 918 522 984; x_wconf 85' lang='lat' dir='ltr'><strong>EPlSCOPl</strong></span> <span class='ocrx_word' id='word_1_6' title='bbox 543 916 823 983; x_wconf 80' lang='lat' dir='ltr'><strong>rattucrurtsts</strong></span> <span class='ocrx_word' id='word_1_7' title='bbox 843 916 892 980; x_wconf 85' lang='lat' dir='ltr'><strong>ET</strong></span> <span class='ocrx_word' id='word_1_8' title='bbox 912 915 1109 980; x_wconf 79' lang='lat' dir='ltr'><strong>Mahttttts</strong></span> <span class='ocrx_word' id='word_1_9' title='bbox 1130 914 1256 980; x_wconf 81' lang='lat' dir='ltr'><strong>Luoott</strong></span> <span class='ocrx_word' id='word_1_10' title='bbox 1278 916 1317 981; x_wconf 89' lang='grc' dir='ltr'><strong>ΙΝ</strong></span> <span class='ocrx_word' id='word_1_11' title='bbox 1339 916 1475 984; x_wconf 74' lang='lat' dir='ltr'><strong>Buloto</strong></span> <span class='ocrx_word' id='word_1_12' title='bbox 1502 901 1505 907; x_wconf 47' lang='grc'><strong>’</strong></span> <span class='ocrx_word' id='word_1_13' title='bbox 1537 894 1542 899; x_wconf 33' lang='grc'><strong><em>’</em></strong></span> 
     </span>
    </p>
   </div>
   <div class='ocr_carea' id='block_1_4' title="bbox 450 1157 1391 1491">
    <p class='ocr_par' dir='ltr' id='par_1_4' title="bbox 450 1157 1391 1491">
     <span class='ocr_line' id='line_1_4' title="bbox 694 1157 1165 1259; baseline -0.006 0"><span class='ocrx_word' id='word_1_14' title='bbox 694 1159 848 1259; x_wconf 86' lang='lat' dir='ltr'><strong>Vthl</strong></span> <span class='ocrx_word' id='word_1_15' title='bbox 892 1157 1165 1258; x_wconf 86' lang='lat' dir='ltr'>DUPLEX</span> 
     </span>
     <span class='ocr_line' id='line_1_5' title="bbox 450 1402 1391 1491; baseline 0.002 -4"><span class='ocrx_word' id='word_1_16' title='bbox 450 1403 684 1489; x_wconf 81' lang='lat' dir='ltr'>AUCTORE</span> <span class='ocrx_word' id='word_1_17' title='bbox 721 1402 999 1489; x_wconf 85' lang='lat' dir='ltr'><strong>SlGEBERTO</strong></span> <span class='ocrx_word' id='word_1_18' title='bbox 1040 1404 1391 1491; x_wconf 83' lang='lat' dir='ltr'><strong>GEMBLAOENSI</strong></span> 
     </span>
    </p>
   </div>
   <div class='ocr_carea' id='block_1_5' title="bbox 560 1663 1279 1736">
    <p class='ocr_par' dir='ltr' id='par_1_5' title="bbox 560 1663 1279 1736">
     <span class='ocr_line' id='line_1_6' title="bbox 560 1663 1279 1736; baseline 0.003 -18"><span class='ocrx_word' id='word_1_19' title='bbox 560 1663 706 1732; x_wconf 76' lang='lat' dir='ltr'><strong>(Bentian,</strong></span> <span class='ocrx_word' id='word_1_20' title='bbox 723 1664 789 1720; x_wconf 81' lang='lat' dir='ltr'><strong>dcto</strong></span> <span class='ocrx_word' id='word_1_21' title='bbox 803 1666 974 1731; x_wconf 82' lang='lat' dir='ltr'><strong>Sanctorum,</strong></span> <span class='ocrx_word' id='word_1_22' title='bbox 989 1663 1064 1735; x_wconf 83' lang='lat' dir='ltr'>Sept.</span> <span class='ocrx_word' id='word_1_23' title='bbox 1082 1672 1101 1721; x_wconf 91' lang='lat' dir='ltr'><strong>t.</strong></span> <span class='ocrx_word' id='word_1_24' title='bbox 1122 1665 1153 1734; x_wconf 89' lang='lat' dir='ltr'><strong>V,</strong></span> <span class='ocrx_word' id='word_1_25' title='bbox 1169 1681 1196 1736; x_wconf 87' lang='lat' dir='ltr'><strong>p.</strong></span> <span class='ocrx_word' id='word_1_26' title='bbox 1207 1664 1279 1736; x_wconf 79' lang='lat' dir='ltr'><strong>sta.)</strong></span> 
     </span>
    </p>
   </div>
   <div class='ocr_carea' id='block_1_6' title="bbox 837 2192 1001 2250">
    <p class='ocr_par' dir='ltr' id='par_1_6' title="bbox 837 2192 1001 2250">
     <span class='ocr_line' id='line_1_7' title="bbox 837 2192 1001 2250; baseline 0 -1"><span class='ocrx_word' id='word_1_27' title='bbox 837 2192 1001 2250; x_wconf 82' lang='lat' dir='ltr'><strong>lllONlTUld.</strong></span> 
     </span>
    </p>
   </div>
   <div class='ocr_carea' id='block_1_7' title="bbox 95 2418 1763 3072">
    <p class='ocr_par' dir='ltr' id='par_1_7' title="bbox 95 2418 1763 3072">
     <span class='ocr_line' id='line_1_8' title="bbox 130 2418 1761 2507; baseline 0.002 -28"><span class='ocrx_word' id='word_1_28' title='bbox 130 2423 292 2507; x_wconf 79' lang='lat' dir='ltr'><strong>Siqebertus</strong></span> <span class='ocrx_word' id='word_1_29' title='bbox 307 2423 458 2480; x_wconf 90' lang='lat' dir='ltr'><strong>monachus</strong></span> <span class='ocrx_word' id='word_1_30' title='bbox 473 2423 678 2478; x_wconf 83' lang='lat' dir='ltr'><strong>Gemblacensrs</strong></span> <span class='ocrx_word' id='word_1_31' title='bbox 693 2423 721 2477; x_wconf 92' lang='lat' dir='ltr'><strong>iu</strong></span> <span class='ocrx_word' id='word_1_32' title='bbox 737 2419 893 2488; x_wconf 87' lang='lat' dir='ltr'><strong>Brabautia,</strong></span> <span class='ocrx_word' id='word_1_33' title='bbox 907 2419 955 2492; x_wconf 91' lang='lat' dir='ltr'><strong>qui</strong></span> <span class='ocrx_word' id='word_1_34' title='bbox 969 2420 997 2475; x_wconf 94' lang='lat' dir='ltr'><strong>iu</strong></span> <span class='ocrx_word' id='word_1_35' title='bbox 1013 2418 1067 2475; x_wconf 85' lang='lat' dir='ltr'><strong>ime</strong></span> <span class='ocrx_word' id='word_1_36' title='bbox 1087 2421 1180 2478; x_wconf 72' lang='lat' dir='ltr'><strong>seculi</strong></span> <span class='ocrx_word' id='word_1_37' title='bbox 1197 2438 1222 2478; x_wconf 85' lang='lat' dir='ltr'><strong>ru</strong></span> <span class='ocrx_word' id='word_1_38' title='bbox 1237 2429 1264 2477; x_wconf 89' lang='lat' dir='ltr'><strong>et</strong></span> <span class='ocrx_word' id='word_1_39' title='bbox 1277 2419 1354 2477; x_wconf 91' lang='lat' dir='ltr'><strong>initio</strong></span> <span class='ocrx_word' id='word_1_40' title='bbox 1369 2439 1406 2477; x_wconf 88' lang='lat' dir='ltr'><strong>xu</strong></span> <span class='ocrx_word' id='word_1_41' title='bbox 1421 2420 1524 2490; x_wconf 84' lang='lat' dir='ltr'><strong>deruit,</strong></span> <span class='ocrx_word' id='word_1_42' title='bbox 1545 2425 1573 2480; x_wconf 92' lang='lat' dir='ltr'><strong>in</strong></span> <span class='ocrx_word' id='word_1_43' title='bbox 1587 2425 1663 2484; x_wconf 87' lang='lat' dir='ltr'><strong>libro</strong></span> <span class='ocrx_word' id='word_1_44' title='bbox 1678 2428 1717 2484; x_wconf 81' lang='lat' dir='ltr'><strong>lle</strong></span> <span class='ocrx_word' id='word_1_45' title='bbox 1728 2428 1761 2482; x_wconf 91' lang='lat' dir='ltr'><strong>il·</strong></span> 
     </span>
     <span class='ocr_line' id='line_1_9' title="bbox 95 2491 1761 2569; baseline 0.001 -17"><span class='ocrx_word' id='word_1_46' title='bbox 95 2495 232 2552; x_wconf 81' lang='lat' dir='ltr'><strong>lustrabus</strong></span> <span class='ocrx_word' id='word_1_47' title='bbox 248 2495 376 2550; x_wconf 71' lang='lat' dir='ltr'><strong>Ecclesiae</strong></span> <span class='ocrx_word' id='word_1_48' title='bbox 389 2494 570 2566; x_wconf 72' lang='lat' dir='ltr'><strong>scriptoribus</strong></span> <span class='ocrx_word' id='word_1_49' title='bbox 598 2510 656 2566; x_wconf 91' lang='lat' dir='ltr'><strong>cap.</strong></span> <span class='ocrx_word' id='word_1_50' title='bbox 674 2493 771 2549; x_wconf 91' lang='lat' dir='ltr'><strong>ultimo</strong></span> <span class='ocrx_word' id='word_1_51' title='bbox 786 2509 836 2548; x_wconf 87' lang='lat' dir='ltr'><strong>sua</strong></span> <span class='ocrx_word' id='word_1_52' title='bbox 852 2492 933 2548; x_wconf 91' lang='lat' dir='ltr'><strong>etiam</strong></span> <span class='ocrx_word' id='word_1_53' title='bbox 957 2491 1045 2564; x_wconf 81' lang='lat' dir='ltr'><strong>Opera</strong></span> <span class='ocrx_word' id='word_1_54' title='bbox 1060 2509 1218 2559; x_wconf 78' lang='lat' dir='ltr'><strong>recensens,</strong></span> <span class='ocrx_word' id='word_1_55' title='bbox 1233 2493 1292 2548; x_wconf 75' lang='lat' dir='ltr'><strong>haec</strong></span> <span class='ocrx_word' id='word_1_56' title='bbox 1310 2492 1361 2547; x_wconf 89' lang='lat' dir='ltr'><strong>ait:</strong></span> <span class='ocrx_word' id='word_1_57' title='bbox 1385 2493 1472 2549; x_wconf 92' lang='lat' dir='ltr'><strong>Vitam</strong></span> <span class='ocrx_word' id='word_1_58' title='bbox 1492 2511 1603 2569; x_wconf 92' lang='lat' dir='ltr'><strong>quoque</strong></span> <span class='ocrx_word' id='word_1_59' title='bbox 1623 2498 1653 2553; x_wconf 89' lang='lat' dir='ltr'><strong>S.</strong></span> <span class='ocrx_word' id='word_1_60' title='bbox 1681 2499 1761 2554; x_wconf 85' lang='lat' dir='ltr'><strong>Lam·</strong></span> 
     </span>
     <span class='ocr_line' id='line_1_10' title="bbox 95 2563 1761 2637; baseline 0.002 -15"><span class='ocrx_word' id='word_1_61' title='bbox 95 2567 181 2633; x_wconf 88' lang='lat' dir='ltr'><strong>berti,</strong></span> <span class='ocrx_word' id='word_1_62' title='bbox 196 2566 294 2621; x_wconf 93' lang='lat' dir='ltr'><strong>cumin</strong></span> <span class='ocrx_word' id='word_1_63' title='bbox 310 2565 406 2636; x_wconf 91' lang='lat' dir='ltr'><strong>primis</strong></span> <span class='ocrx_word' id='word_1_64' title='bbox 421 2567 524 2620; x_wconf 90' lang='lat' dir='ltr'><strong>urbane</strong></span> <span class='ocrx_word' id='word_1_65' title='bbox 540 2566 740 2631; x_wconf 81' lang='lat' dir='ltr'><strong>meliorassem,</strong></span> <span class='ocrx_word' id='word_1_66' title='bbox 755 2575 851 2636; x_wconf 85' lang='lat' dir='ltr'><strong>postea</strong></span> <span class='ocrx_word' id='word_1_67' title='bbox 873 2569 968 2637; x_wconf 77' lang='lat' dir='ltr'><strong>rogatu</strong></span> <span class='ocrx_word' id='word_1_68' title='bbox 990 2563 1109 2631; x_wconf 90' lang='lat' dir='ltr'><strong>llenrici,</strong></span> <span class='ocrx_word' id='word_1_69' title='bbox 1125 2564 1312 2621; x_wconf 77' lang='lat' dir='ltr'><strong>archidiaconi</strong></span> <span class='ocrx_word' id='word_1_70' title='bbox 1337 2573 1365 2619; x_wconf 90' lang='lat' dir='ltr'><strong>et</strong></span> <span class='ocrx_word' id='word_1_71' title='bbox 1377 2566 1475 2621; x_wconf 87' lang='lat' dir='ltr'><strong>decani</strong></span> <span class='ocrx_word' id='word_1_72' title='bbox 1490 2568 1617 2625; x_wconf 78' lang='lat' dir='ltr'><strong>ecclesia</strong></span> <span class='ocrx_word' id='word_1_73' title='bbox 1637 2570 1665 2624; x_wconf 91' lang='lat' dir='ltr'><strong>S.</strong></span> <span class='ocrx_word' id='word_1_74' title='bbox 1683 2570 1761 2625; x_wconf 84' lang='lat' dir='ltr'><strong>Lam-</strong></span> 
     </span>
     <span class='ocr_line' id='line_1_11' title="bbox 96 2636 1763 2713; baseline 0.003 -21"><span class='ocrx_word' id='word_1_75' title='bbox 96 2638 179 2704; x_wconf 90' lang='lat' dir='ltr'><strong>berti,</strong></span> <span class='ocrx_word' id='word_1_76' title='bbox 196 2636 327 2691; x_wconf 74' lang='lat' dir='ltr'><strong>deflorari</strong></span> <span class='ocrx_word' id='word_1_77' title='bbox 343 2636 596 2707; x_wconf 85' lang='lat' dir='ltr'><strong>comparationibus</strong></span> <span class='ocrx_word' id='word_1_78' title='bbox 610 2637 785 2708; x_wconf 89' lang='lat' dir='ltr'><strong>antiquorum</strong></span> <span class='ocrx_word' id='word_1_79' title='bbox 798 2636 876 2703; x_wconf 82' lang='lat' dir='ltr'><strong>juxta</strong></span> <span class='ocrx_word' id='word_1_80' title='bbox 891 2636 1115 2706; x_wconf 75' lang='lat' dir='ltr'><strong>consequentiam</strong></span> <span class='ocrx_word' id='word_1_81' title='bbox 1137 2652 1237 2691; x_wconf 90' lang='lat' dir='ltr'><strong>rerum.</strong></span> <span class='ocrx_word' id='word_1_82' title='bbox 1252 2636 1382 2702; x_wconf 82' lang='lat' dir='ltr'><strong>Quamvis</strong></span> <span class='ocrx_word' id='word_1_83' title='bbox 1397 2637 1528 2708; x_wconf 82' lang='lat' dir='ltr'><strong>priorem,</strong></span> <span class='ocrx_word' id='word_1_84' title='bbox 1544 2646 1641 2712; x_wconf 91' lang='lat' dir='ltr'><strong>utpote</strong></span> <span class='ocrx_word' id='word_1_85' title='bbox 1652 2641 1763 2713; x_wconf 90' lang='lat' dir='ltr'><strong>simpli-</strong></span> 
     </span>
     <span class='ocr_line' id='line_1_12' title="bbox 97 2705 1757 2782; baseline 0.001 -17"><span class='ocrx_word' id='word_1_86' title='bbox 97 2725 168 2773; x_wconf 90' lang='lat' dir='ltr'><strong>cem,</strong></span> <span class='ocrx_word' id='word_1_87' title='bbox 189 2706 301 2780; x_wconf 90' lang='lat' dir='ltr'><strong>quidam</strong></span> <span class='ocrx_word' id='word_1_88' title='bbox 322 2708 409 2782; x_wconf 75' lang='lat' dir='ltr'><strong>magis</strong></span> <span class='ocrx_word' id='word_1_89' title='bbox 433 2707 647 2778; x_wconf 85' lang='lat' dir='ltr'><strong>amplectuntur,</strong></span> <span class='ocrx_word' id='word_1_90' title='bbox 663 2716 690 2762; x_wconf 90' lang='lat' dir='ltr'><strong>et</strong></span> <span class='ocrx_word' id='word_1_91' title='bbox 703 2707 839 2762; x_wconf 88' lang='lat' dir='ltr'><strong>curiosius</strong></span> <span class='ocrx_word' id='word_1_92' title='bbox 859 2705 1061 2771; x_wconf 82' lang='lat' dir='ltr'><strong>transcribuut;</strong></span> <span class='ocrx_word' id='word_1_93' title='bbox 1085 2714 1126 2763; x_wconf 84' lang='lat' dir='ltr'><strong>est</strong></span> <span class='ocrx_word' id='word_1_94' title='bbox 1141 2708 1214 2762; x_wconf 90' lang='lat' dir='ltr'><strong>enim</strong></span> <span class='ocrx_word' id='word_1_95' title='bbox 1236 2724 1321 2763; x_wconf 87' lang='lat' dir='ltr'><strong>seusu</strong></span> <span class='ocrx_word' id='word_1_96' title='bbox 1345 2709 1467 2778; x_wconf 90' lang='lat' dir='ltr'><strong>apertior</strong></span> <span class='ocrx_word' id='word_1_97' title='bbox 1485 2717 1512 2765; x_wconf 89' lang='lat' dir='ltr'><strong>et</strong></span> <span class='ocrx_word' id='word_1_98' title='bbox 1535 2712 1628 2768; x_wconf 84' lang='lat' dir='ltr'><strong>verbis</strong></span> <span class='ocrx_word' id='word_1_99' title='bbox 1644 2713 1757 2768; x_wconf 77' lang='lat' dir='ltr'><strong>clarior,</strong></span> 
     </span>
     <span class='ocr_line' id='line_1_13' title="bbox 96 2777 1761 2902; baseline 0.003 -67"><span class='ocrx_word' id='word_1_100' title='bbox 96 2780 162 2835; x_wconf 75' lang='lat' dir='ltr'><strong>Vitae</strong></span> <span class='ocrx_word' id='word_1_101' title='bbox 176 2779 301 2835; x_wconf 87' lang='lat' dir='ltr'><strong>secundo</strong></span> <span class='ocrx_word' id='word_1_102' title='bbox 315 2779 375 2835; x_wconf 91' lang='lat' dir='ltr'><strong>loco</strong></span> <span class='ocrx_word' id='word_1_103' title='bbox 387 2779 421 2833; x_wconf 90' lang='lat' dir='ltr'><strong>ab</strong></span> <span class='ocrx_word' id='word_1_104' title='bbox 436 2794 470 2833; x_wconf 89' lang='lat' dir='ltr'><strong>ee</strong></span> <span class='ocrx_word' id='word_1_105' title='bbox 486 2779 605 2848; x_wconf 86' lang='lat' dir='ltr'><strong>scriptae,</strong></span> <span class='ocrx_word' id='word_1_106' title='bbox 620 2779 753 2833; x_wconf 88' lang='lat' dir='ltr'><strong>hactenus</strong></span> <span class='ocrx_word' id='word_1_107' title='bbox 768 2777 889 2843; x_wconf 80' lang='lat' dir='ltr'><strong>ineditae,</strong></span> <span class='ocrx_word' id='word_1_108' title='bbox 906 2777 1046 2902; x_wconf 60' lang='lat' dir='ltr'><strong>exemsslar</strong></span> <span class='ocrx_word' id='word_1_109' title='bbox 1071 2778 1159 2835; x_wconf 91' lang='lat' dir='ltr'><strong>habeo</strong></span> <span class='ocrx_word' id='word_1_110' title='bbox 1179 2795 1212 2834; x_wconf 87' lang='lat' dir='ltr'><strong>ex</strong></span> <span class='ocrx_word' id='word_1_111' title='bbox 1236 2777 1355 2854; x_wconf 82' lang='lat' dir='ltr'><strong>collegio</strong></span> <span class='ocrx_word' id='word_1_112' title='bbox 1370 2786 1464 2835; x_wconf 90' lang='lat' dir='ltr'><strong>nostro</strong></span> <span class='ocrx_word' id='word_1_113' title='bbox 1489 2781 1666 2851; x_wconf 83' lang='lat' dir='ltr'><strong>lovaniensi,</strong></span> <span class='ocrx_word' id='word_1_114' title='bbox 1682 2784 1761 2851; x_wconf 83' lang='lat' dir='ltr'><strong>eujus</strong></span> 
     </span>
     <span class='ocr_line' id='line_1_14' title="bbox 96 2847 1760 2928; baseline 0.003 -22"><span class='ocrx_word' id='word_1_115' title='bbox 96 2852 186 2924; x_wconf 88' lang='lat' dir='ltr'><strong>prima</strong></span> <span class='ocrx_word' id='word_1_116' title='bbox 198 2866 260 2922; x_wconf 90' lang='lat' dir='ltr'><strong>pars</strong></span> <span class='ocrx_word' id='word_1_117' title='bbox 279 2851 577 2920; x_wconf 86' lang='lat' dir='ltr'><strong>descriptanotaturex</strong></span> <span class='ocrx_word' id='word_1_118' title='bbox 588 2849 710 2904; x_wconf 91' lang='lat' dir='ltr'><strong>secunda</strong></span> <span class='ocrx_word' id='word_1_119' title='bbox 723 2855 798 2920; x_wconf 90' lang='lat' dir='ltr'><strong>parte</strong></span> <span class='ocrx_word' id='word_1_120' title='bbox 813 2848 849 2902; x_wconf 89' lang='lat' dir='ltr'><strong>lla</strong></span> <span class='ocrx_word' id='word_1_121' title='bbox 872 2847 925 2904; x_wconf 93' lang='lat' dir='ltr'><strong>iolo</strong></span> <span class='ocrx_word' id='word_1_122' title='bbox 946 2849 964 2902; x_wconf 91' lang='lat' dir='ltr'><strong>ii</strong></span> <span class='ocrx_word' id='word_1_123' title='bbox 1012 2849 1229 2918; x_wconf 91' lang='lat' dir='ltr'><strong>rabautiuorum,</strong></span> <span class='ocrx_word' id='word_1_124' title='bbox 1245 2850 1337 2907; x_wconf 90' lang='lat' dir='ltr'><strong>collati</strong></span> <span class='ocrx_word' id='word_1_125' title='bbox 1351 2867 1402 2905; x_wconf 91' lang='lat' dir='ltr'><strong>ms.</strong></span> <span class='ocrx_word' id='word_1_126' title='bbox 1422 2851 1525 2908; x_wconf 82' lang='lat' dir='ltr'><strong>liubete</strong></span> <span class='ocrx_word' id='word_1_127' title='bbox 1541 2853 1633 2921; x_wconf 89' lang='lat' dir='ltr'><strong>Vallis,</strong></span> <span class='ocrx_word' id='word_1_128' title='bbox 1650 2871 1685 2910; x_wconf 85' lang='lat' dir='ltr'><strong>ex</strong></span> <span class='ocrx_word' id='word_1_129' title='bbox 1705 2871 1760 2928; x_wconf 90' lang='lat' dir='ltr'><strong>quo</strong></span> 
     </span>
     <span class='ocr_line' id='line_1_15' title="bbox 97 2865 1762 2995; baseline 0.002 -17"><span class='ocrx_word' id='word_1_130' title='bbox 97 2924 179 2979; x_wconf 90' lang='lat' dir='ltr'><strong>ctiam</strong></span> <span class='ocrx_word' id='word_1_131' title='bbox 210 2922 332 2977; x_wconf 90' lang='lat' dir='ltr'><strong>secunda</strong></span> <span class='ocrx_word' id='word_1_132' title='bbox 359 2937 421 2992; x_wconf 87' lang='lat' dir='ltr'><strong>pars</strong></span> <span class='ocrx_word' id='word_1_133' title='bbox 436 2921 491 2975; x_wconf 88' lang='lat' dir='ltr'><strong>alio</strong></span> <span class='ocrx_word' id='word_1_134' title='bbox 505 2921 663 2975; x_wconf 78' lang='lat' dir='ltr'><strong>charactere</strong></span> <span class='ocrx_word' id='word_1_135' title='bbox 676 2928 718 2974; x_wconf 90' lang='lat' dir='ltr'><strong>est</strong></span> <span class='ocrx_word' id='word_1_136' title='bbox 741 2865 966 2975; x_wconf 60' lang='lat' dir='ltr'><strong>additagtitufus</strong></span> <span class='ocrx_word' id='word_1_137' title='bbox 978 2920 1003 2975; x_wconf 92' lang='lat' dir='ltr'><strong>ei</strong></span> <span class='ocrx_word' id='word_1_138' title='bbox 1024 2920 1152 2992; x_wconf 76' lang='lat' dir='ltr'><strong>praefixus</strong></span> <span class='ocrx_word' id='word_1_139' title='bbox 1175 2922 1288 2978; x_wconf 88' lang='lat' dir='ltr'><strong>hicest:</strong></span> <span class='ocrx_word' id='word_1_140' title='bbox 1308 2943 1320 2974; x_wconf 78' lang='lat' dir='ltr'><strong>a</strong></span> <span class='ocrx_word' id='word_1_141' title='bbox 1337 2921 1397 2977; x_wconf 87' lang='lat' dir='ltr'><strong>Vita</strong></span> <span class='ocrx_word' id='word_1_142' title='bbox 1416 2931 1444 2978; x_wconf 91' lang='lat' dir='ltr'><strong>et</strong></span> <span class='ocrx_word' id='word_1_143' title='bbox 1463 2925 1555 2995; x_wconf 87' lang='lat' dir='ltr'><strong>passio</strong></span> <span class='ocrx_word' id='word_1_144' title='bbox 1570 2927 1660 2982; x_wconf 88' lang='lat' dir='ltr'><strong>sancti</strong></span> <span class='ocrx_word' id='word_1_145' title='bbox 1676 2926 1762 2981; x_wconf 85' lang='lat' dir='ltr'><strong>lant·</strong></span> 
     </span>
     <span class='ocr_line' id='line_1_16' title="bbox 98 2990 1762 3072; baseline 0.003 -24"><span class='ocrx_word' id='word_1_146' title='bbox 98 2994 169 3049; x_wconf 90' lang='lat' dir='ltr'><strong>berti</strong></span> <span class='ocrx_word' id='word_1_147' title='bbox 183 2994 307 3063; x_wconf 86' lang='lat' dir='ltr'><strong>episcopi</strong></span> <span class='ocrx_word' id='word_1_148' title='bbox 325 2993 478 3047; x_wconf 89' lang='lat' dir='ltr'><strong>secundum</strong></span> <span class='ocrx_word' id='word_1_149' title='bbox 495 2991 668 3072; x_wconf 76' lang='lat' dir='ltr'><strong>sigebertum</strong></span> <span class='ocrx_word' id='word_1_150' title='bbox 692 2990 928 3046; x_wconf 84' lang='lat' dir='ltr'><strong>Gemblacensem.</strong></span> <span class='ocrx_word' id='word_1_151' title='bbox 952 3015 965 3038; x_wconf 68' lang='lat' dir='ltr'><strong>s</strong></span> <span class='ocrx_word' id='word_1_152' title='bbox 980 2991 1016 3045; x_wconf 85' lang='lat' dir='ltr'><strong>Ex</strong></span> <span class='ocrx_word' id='word_1_153' title='bbox 1031 2992 1156 3066; x_wconf 86' lang='lat' dir='ltr'><strong>allegatis</strong></span> <span class='ocrx_word' id='word_1_154' title='bbox 1175 3001 1267 3049; x_wconf 89' lang='lat' dir='ltr'><strong>autem</strong></span> <span class='ocrx_word' id='word_1_155' title='bbox 1280 2993 1418 3067; x_wconf 77' lang='lat' dir='ltr'><strong>sigeberti</strong></span> <span class='ocrx_word' id='word_1_156' title='bbox 1444 2996 1536 3051; x_wconf 88' lang='lat' dir='ltr'><strong>verbis</strong></span> <span class='ocrx_word' id='word_1_157' title='bbox 1558 2997 1689 3053; x_wconf 88' lang='lat' dir='ltr'><strong>dubitare</strong></span> <span class='ocrx_word' id='word_1_158' title='bbox 1704 3014 1762 3052; x_wconf 89' lang='lat' dir='ltr'><strong>am·</strong></span> 
     </span>
    </p>
   </div>
   <div class='ocr_carea' id='block_1_8' title="bbox 97 3061 1761 3282">
    <p class='ocr_par' dir='ltr' id='par_1_8' title="bbox 97 3061 1761 3282">
     <span class='ocr_line' id='line_1_17' title="bbox 98 3061 1761 3190; baseline 0.003 -72"><span class='ocrx_word' id='word_1_159' title='bbox 98 3065 304 3190; x_wconf 61' lang='lat' dir='ltr'><strong>perliusuequce</strong></span> <span class='ocrx_word' id='word_1_160' title='bbox 330 3061 724 3134; x_wconf 86' lang='lat' dir='ltr'><strong>quiuVitanomtnelleiueri</strong></span> <span class='ocrx_word' id='word_1_161' title='bbox 751 3061 793 3116; x_wconf 85' lang='lat' dir='ltr'><strong>vel</strong></span> <span class='ocrx_word' id='word_1_162' title='bbox 822 3062 920 3117; x_wconf 86' lang='lat' dir='ltr'><strong>lieneri</strong></span> <span class='ocrx_word' id='word_1_163' title='bbox 943 3064 1069 3118; x_wconf 89' lang='lat' dir='ltr'><strong>monachi</strong></span> <span class='ocrx_word' id='word_1_164' title='bbox 1095 3064 1163 3120; x_wconf 85' lang='lat' dir='ltr'><strong>adS</strong></span> <span class='ocrx_word' id='word_1_165' title='bbox 1203 3068 1377 3121; x_wconf 77' lang='lat' dir='ltr'><strong>Laurentium</strong></span> <span class='ocrx_word' id='word_1_166' title='bbox 1405 3067 1639 3138; x_wconf 87' lang='lat' dir='ltr'><strong>propeleodium</strong></span> <span class='ocrx_word' id='word_1_167' title='bbox 1656 3069 1761 3125; x_wconf 81' lang='lat' dir='ltr'><strong>editae</strong></span> 
     </span>
     <span class='ocr_line' id='line_1_18' title="bbox 119 3132 1761 3208; baseline 0.003 -18"><span class='ocrx_word' id='word_1_168' title='bbox 119 3135 283 3207; x_wconf 84' lang='lat' dir='ltr'><strong>hapeavillo,</strong></span> <span class='ocrx_word' id='word_1_169' title='bbox 301 3135 411 3190; x_wconf 82' lang='lat' dir='ltr'><strong>lleiueri</strong></span> <span class='ocrx_word' id='word_1_170' title='bbox 428 3149 483 3189; x_wconf 91' lang='lat' dir='ltr'><strong>non</strong></span> <span class='ocrx_word' id='word_1_171' title='bbox 499 3134 543 3199; x_wconf 90' lang='lat' dir='ltr'><strong>sit,</strong></span> <span class='ocrx_word' id='word_1_172' title='bbox 556 3133 604 3188; x_wconf 90' lang='lat' dir='ltr'><strong>scd</strong></span> <span class='ocrx_word' id='word_1_173' title='bbox 620 3133 742 3201; x_wconf 83' lang='lat' dir='ltr'><strong>ejusdem</strong></span> <span class='ocrx_word' id='word_1_174' title='bbox 760 3132 907 3206; x_wconf 83' lang='lat' dir='ltr'><strong>Sigcberti‚</strong></span> <span class='ocrx_word' id='word_1_175' title='bbox 923 3133 1012 3205; x_wconf 92' lang='lat' dir='ltr'><strong>prime</strong></span> <span class='ocrx_word' id='word_1_176' title='bbox 1027 3134 1133 3191; x_wconf 87' lang='lat' dir='ltr'><strong>scilicet</strong></span> <span class='ocrx_word' id='word_1_177' title='bbox 1147 3137 1206 3191; x_wconf 94' lang='lat' dir='ltr'><strong>loco</strong></span> <span class='ocrx_word' id='word_1_178' title='bbox 1219 3136 1254 3191; x_wconf 92' lang='lat' dir='ltr'><strong>ab</strong></span> <span class='ocrx_word' id='word_1_179' title='bbox 1269 3137 1329 3208; x_wconf 91' lang='lat' dir='ltr'><strong>ipso</strong></span> <span class='ocrx_word' id='word_1_180' title='bbox 1344 3136 1531 3208; x_wconf 91' lang='lat' dir='ltr'><strong>conscriptaet</strong></span> <span class='ocrx_word' id='word_1_181' title='bbox 1541 3139 1663 3195; x_wconf 88' lang='lat' dir='ltr'><strong>laudata.</strong></span> <span class='ocrx_word' id='word_1_182' title='bbox 1680 3139 1761 3196; x_wconf 87' lang='lat' dir='ltr'><strong>Ratio</strong></span> 
     </span>
     <span class='ocr_line' id='line_1_19' title="bbox 97 3204 1760 3282; baseline 0.003 -22"><span class='ocrx_word' id='word_1_183' title='bbox 97 3205 244 3262; x_wconf 82' lang='lat' dir='ltr'><strong>manifesta</strong></span> <span class='ocrx_word' id='word_1_184' title='bbox 257 3213 309 3271; x_wconf 90' lang='lat' dir='ltr'><strong>est,</strong></span> <span class='ocrx_word' id='word_1_185' title='bbox 325 3207 397 3278; x_wconf 92' lang='lat' dir='ltr'><strong>quod</strong></span> <span class='ocrx_word' id='word_1_186' title='bbox 415 3213 514 3276; x_wconf 85' lang='lat' dir='ltr'><strong>praeter</strong></span> <span class='ocrx_word' id='word_1_187' title='bbox 529 3205 645 3260; x_wconf 88' lang='lat' dir='ltr'><strong>insertas</strong></span> <span class='ocrx_word' id='word_1_188' title='bbox 659 3204 742 3259; x_wconf 84' lang='lat' dir='ltr'><strong>variis</strong></span> <span class='ocrx_word' id='word_1_189' title='bbox 757 3205 825 3260; x_wconf 92' lang='lat' dir='ltr'><strong>loeis</strong></span> <span class='ocrx_word' id='word_1_190' title='bbox 841 3205 1061 3277; x_wconf 86' lang='lat' dir='ltr'><strong>comparationes</strong></span> <span class='ocrx_word' id='word_1_191' title='bbox 1076 3222 1109 3261; x_wconf 85' lang='lat' dir='ltr'><strong>ex</strong></span> <span class='ocrx_word' id='word_1_192' title='bbox 1125 3207 1214 3262; x_wconf 78' lang='lat' dir='ltr'><strong>Veteri</strong></span> <span class='ocrx_word' id='word_1_193' title='bbox 1238 3207 1413 3263; x_wconf 85' lang='lat' dir='ltr'><strong>Testamenta</strong></span> <span class='ocrx_word' id='word_1_194' title='bbox 1428 3209 1600 3279; x_wconf 87' lang='lat' dir='ltr'><strong>potissimum</strong></span> <span class='ocrx_word' id='word_1_195' title='bbox 1621 3211 1760 3282; x_wconf 87' lang='lat' dir='ltr'><strong>deprom-</strong></span> 
     </span>
    </p>
   </div>
   <div class='ocr_carea' id='block_1_9' title="bbox 94 3276 1763 3850">
    <p class='ocr_par' dir='ltr' id='par_1_9' title="bbox 94 3276 1763 3850">
     <span class='ocr_line' id='line_1_20' title="bbox 98 3276 1762 3350; baseline 0.002 -17"><span class='ocrx_word' id='word_1_196' title='bbox 98 3285 170 3349; x_wconf 87' lang='lat' dir='ltr'><strong>ptas,</strong></span> <span class='ocrx_word' id='word_1_197' title='bbox 185 3293 327 3349; x_wconf 90' lang='lat' dir='ltr'><strong>unumque</strong></span> <span class='ocrx_word' id='word_1_198' title='bbox 342 3279 358 3332; x_wconf 90' lang='lat' dir='ltr'>S</span> <span class='ocrx_word' id='word_1_199' title='bbox 383 3276 517 3333; x_wconf 79' lang='lat' dir='ltr'><strong>lamberti</strong></span> <span class='ocrx_word' id='word_1_200' title='bbox 532 3276 560 3330; x_wconf 91' lang='lat' dir='ltr'><strong>in</strong></span> <span class='ocrx_word' id='word_1_201' title='bbox 574 3276 693 3346; x_wconf 91' lang='lat' dir='ltr'><strong>pucritia</strong></span> <span class='ocrx_word' id='word_1_202' title='bbox 712 3276 886 3345; x_wconf 87' lang='lat' dir='ltr'><strong>miraculum,</strong></span> <span class='ocrx_word' id='word_1_203' title='bbox 902 3285 1001 3332; x_wconf 83' lang='lat' dir='ltr'><strong>caetera</strong></span> <span class='ocrx_word' id='word_1_204' title='bbox 1021 3278 1113 3332; x_wconf 90' lang='lat' dir='ltr'><strong>omnia</strong></span> <span class='ocrx_word' id='word_1_205' title='bbox 1126 3279 1156 3332; x_wconf 91' lang='lat' dir='ltr'><strong>in</strong></span> <span class='ocrx_word' id='word_1_206' title='bbox 1170 3286 1231 3334; x_wconf 91' lang='lat' dir='ltr'><strong>utra</strong></span> <span class='ocrx_word' id='word_1_207' title='bbox 1253 3296 1287 3335; x_wconf 90' lang='lat' dir='ltr'><strong>ue</strong></span> <span class='ocrx_word' id='word_1_208' title='bbox 1302 3280 1362 3335; x_wconf 88' lang='lat' dir='ltr'><strong>Vita</strong></span> <span class='ocrx_word' id='word_1_209' title='bbox 1377 3288 1432 3334; x_wconf 91' lang='lat' dir='ltr'><strong>tam</strong></span> <span class='ocrx_word' id='word_1_210' title='bbox 1446 3280 1547 3336; x_wconf 87' lang='lat' dir='ltr'><strong>similia</strong></span> <span class='ocrx_word' id='word_1_211' title='bbox 1561 3282 1628 3350; x_wconf 88' lang='lat' dir='ltr'><strong>siut,</strong></span> <span class='ocrx_word' id='word_1_212' title='bbox 1644 3289 1675 3337; x_wconf 93' lang='lat' dir='ltr'><strong>ut</strong></span> <span class='ocrx_word' id='word_1_213' title='bbox 1690 3297 1762 3337; x_wconf 91' lang='lat' dir='ltr'><strong>non-</strong></span> 
     </span>
     <span class='ocr_line' id='line_1_21' title="bbox 97 3297 1761 3434; baseline 0.004 -31"><span class='ocrx_word' id='word_1_214' title='bbox 97 3349 151 3404; x_wconf 90' lang='lat' dir='ltr'><strong>nisi</strong></span> <span class='ocrx_word' id='word_1_215' title='bbox 163 3349 387 3422; x_wconf 83' lang='lat' dir='ltr'><strong>paucisvecibus</strong></span> <span class='ocrx_word' id='word_1_216' title='bbox 401 3349 466 3404; x_wconf 90' lang='lat' dir='ltr'><strong>hinc</strong></span> <span class='ocrx_word' id='word_1_217' title='bbox 480 3356 508 3404; x_wconf 93' lang='lat' dir='ltr'><strong>et</strong></span> <span class='ocrx_word' id='word_1_218' title='bbox 526 3348 591 3402; x_wconf 91' lang='lat' dir='ltr'><strong>indo</strong></span> <span class='ocrx_word' id='word_1_219' title='bbox 611 3346 778 3428; x_wconf 84' lang='lat' dir='ltr'><strong>discrepent.</strong></span> <span class='ocrx_word' id='word_1_220' title='bbox 797 3349 859 3403; x_wconf 65' lang='lat' dir='ltr'><strong>llaec</strong></span> <span class='ocrx_word' id='word_1_221' title='bbox 874 3364 938 3404; x_wconf 82' lang='lat' dir='ltr'><strong>vero</strong></span> <span class='ocrx_word' id='word_1_222' title='bbox 957 3348 1140 3419; x_wconf 81' lang='lat' dir='ltr'><strong>discrepantia</strong></span> <span class='ocrx_word' id='word_1_223' title='bbox 1161 3350 1213 3421; x_wconf 90' lang='lat' dir='ltr'><strong>ipsi</strong></span> <span class='ocrx_word' id='word_1_224' title='bbox 1233 3297 1376 3426; x_wconf 56' lang='lat' dir='ltr'><strong>gigeberto</strong></span> <span class='ocrx_word' id='word_1_225' title='bbox 1405 3352 1488 3407; x_wconf 91' lang='lat' dir='ltr'><strong>tribui</strong></span> <span class='ocrx_word' id='word_1_226' title='bbox 1508 3360 1607 3424; x_wconf 88' lang='lat' dir='ltr'><strong>potest,</strong></span> <span class='ocrx_word' id='word_1_227' title='bbox 1629 3354 1761 3434; x_wconf 88' lang='lat' dir='ltr'><strong>quidum</strong></span> 
     </span>
     <span class='ocr_line' id='line_1_22' title="bbox 98 3418 1761 3505; baseline 0.004 -31"><span class='ocrx_word' id='word_1_228' title='bbox 98 3420 185 3477; x_wconf 88' lang='lat' dir='ltr'><strong>dictas</strong></span> <span class='ocrx_word' id='word_1_229' title='bbox 203 3421 425 3492; x_wconf 87' lang='lat' dir='ltr'><strong>comparationes</strong></span> <span class='ocrx_word' id='word_1_230' title='bbox 437 3419 522 3492; x_wconf 88' lang='lat' dir='ltr'><strong>priori</strong></span> <span class='ocrx_word' id='word_1_231' title='bbox 543 3418 609 3474; x_wconf 85' lang='lat' dir='ltr'><strong>Vitae</strong></span> <span class='ocrx_word' id='word_1_232' title='bbox 621 3427 764 3486; x_wconf 81' lang='lat' dir='ltr'><strong>intexeret,</strong></span> <span class='ocrx_word' id='word_1_233' title='bbox 787 3419 899 3474; x_wconf 82' lang='lat' dir='ltr'><strong>troicum</strong></span> <span class='ocrx_word' id='word_1_234' title='bbox 913 3419 984 3473; x_wconf 92' lang='lat' dir='ltr'><strong>istud</strong></span> <span class='ocrx_word' id='word_1_235' title='bbox 1007 3420 1169 3475; x_wconf 88' lang='lat' dir='ltr'><strong>miraculum</strong></span> <span class='ocrx_word' id='word_1_236' title='bbox 1184 3430 1281 3493; x_wconf 90' lang='lat' dir='ltr'><strong>postea</strong></span> <span class='ocrx_word' id='word_1_237' title='bbox 1307 3422 1459 3497; x_wconf 83' lang='lat' dir='ltr'><strong>cognitum,</strong></span> <span class='ocrx_word' id='word_1_238' title='bbox 1475 3424 1582 3479; x_wconf 76' lang='lat' dir='ltr'><strong>cacteris</strong></span> <span class='ocrx_word' id='word_1_239' title='bbox 1596 3424 1761 3505; x_wconf 66' lang='lat' dir='ltr'><strong>adpuugere,</strong></span> 
     </span>
     <span class='ocr_line' id='line_1_23' title="bbox 96 3490 1763 3566; baseline 0.002 -19"><span class='ocrx_word' id='word_1_240' title='bbox 96 3500 123 3549; x_wconf 92' lang='lat' dir='ltr'><strong>et</strong></span> <span class='ocrx_word' id='word_1_241' title='bbox 137 3493 242 3564; x_wconf 89' lang='lat' dir='ltr'><strong>aliquot</strong></span> <span class='ocrx_word' id='word_1_242' title='bbox 256 3494 381 3564; x_wconf 85' lang='lat' dir='ltr'><strong>phrases,</strong></span> <span class='ocrx_word' id='word_1_243' title='bbox 398 3498 428 3548; x_wconf 93' lang='lat' dir='ltr'><strong>ut</strong></span> <span class='ocrx_word' id='word_1_244' title='bbox 438 3490 499 3546; x_wconf 88' lang='lat' dir='ltr'><strong>lieri</strong></span> <span class='ocrx_word' id='word_1_245' title='bbox 515 3491 624 3557; x_wconf 89' lang='lat' dir='ltr'><strong>assolet,</strong></span> <span class='ocrx_word' id='word_1_246' title='bbox 641 3491 785 3546; x_wconf 86' lang='lat' dir='ltr'><strong>immutare</strong></span> <span class='ocrx_word' id='word_1_247' title='bbox 799 3490 877 3546; x_wconf 86' lang='lat' dir='ltr'><strong>tacite</strong></span> <span class='ocrx_word' id='word_1_248' title='bbox 893 3491 990 3562; x_wconf 91' lang='lat' dir='ltr'><strong>potuit.</strong></span> <span class='ocrx_word' id='word_1_249' title='bbox 1010 3491 1119 3546; x_wconf 84' lang='lat' dir='ltr'><strong>Possem</strong></span> <span class='ocrx_word' id='word_1_250' title='bbox 1133 3493 1159 3546; x_wconf 89' lang='lat' dir='ltr'><strong>id</strong></span> <span class='ocrx_word' id='word_1_251' title='bbox 1174 3493 1301 3549; x_wconf 84' lang='lat' dir='ltr'><strong>adductis</strong></span> <span class='ocrx_word' id='word_1_252' title='bbox 1316 3510 1348 3550; x_wconf 87' lang='lat' dir='ltr'><strong>ex</strong></span> <span class='ocrx_word' id='word_1_253' title='bbox 1363 3500 1480 3566; x_wconf 89' lang='lat' dir='ltr'><strong>utraque</strong></span> <span class='ocrx_word' id='word_1_254' title='bbox 1499 3495 1557 3550; x_wconf 90' lang='lat' dir='ltr'><strong>Vita</strong></span> <span class='ocrx_word' id='word_1_255' title='bbox 1577 3495 1703 3551; x_wconf 83' lang='lat' dir='ltr'><strong>textibus</strong></span> <span class='ocrx_word' id='word_1_256' title='bbox 1718 3496 1763 3552; x_wconf 91' lang='lat' dir='ltr'><strong>hic</strong></span> 
     </span>
     <span class='ocr_line' id='line_1_24' title="bbox 96 3561 1761 3638; baseline 0.001 -19"><span class='ocrx_word' id='word_1_257' title='bbox 96 3564 301 3628; x_wconf 85' lang='lat' dir='ltr'><strong>demonstrare;</strong></span> <span class='ocrx_word' id='word_1_258' title='bbox 317 3565 366 3619; x_wconf 89' lang='lat' dir='ltr'><strong>sed</strong></span> <span class='ocrx_word' id='word_1_259' title='bbox 382 3580 418 3619; x_wconf 91' lang='lat' dir='ltr'><strong>ne</strong></span> <span class='ocrx_word' id='word_1_260' title='bbox 433 3563 541 3638; x_wconf 81' lang='lat' dir='ltr'><strong>longior</strong></span> <span class='ocrx_word' id='word_1_261' title='bbox 553 3565 616 3629; x_wconf 89' lang='lat' dir='ltr'><strong>sim,</strong></span> <span class='ocrx_word' id='word_1_262' title='bbox 629 3562 701 3618; x_wconf 83' lang='lat' dir='ltr'><strong>nralo</strong></span> <span class='ocrx_word' id='word_1_263' title='bbox 718 3563 847 3618; x_wconf 90' lang='lat' dir='ltr'><strong>lectorem</strong></span> <span class='ocrx_word' id='word_1_264' title='bbox 862 3564 896 3617; x_wconf 89' lang='lat' dir='ltr'><strong>ad</strong></span> <span class='ocrx_word' id='word_1_265' title='bbox 912 3561 998 3616; x_wconf 84' lang='lat' dir='ltr'><strong>Vitam</strong></span> <span class='ocrx_word' id='word_1_266' title='bbox 1015 3563 1151 3619; x_wconf 91' lang='lat' dir='ltr'><strong>edendam</strong></span> <span class='ocrx_word' id='word_1_267' title='bbox 1168 3581 1230 3620; x_wconf 89' lang='lat' dir='ltr'><strong>cum</strong></span> <span class='ocrx_word' id='word_1_268' title='bbox 1247 3565 1321 3620; x_wconf 91' lang='lat' dir='ltr'><strong>edita</strong></span> <span class='ocrx_word' id='word_1_269' title='bbox 1335 3583 1351 3621; x_wconf 92' lang='lat' dir='ltr'><strong>a</strong></span> <span class='ocrx_word' id='word_1_270' title='bbox 1371 3565 1544 3637; x_wconf 73' lang='lat' dir='ltr'><strong>chapeavillo</strong></span> <span class='ocrx_word' id='word_1_271' title='bbox 1558 3565 1761 3622; x_wconf 81' lang='lat' dir='ltr'><strong>conterendam</strong></span> 
     </span>
     <span class='ocr_line' id='line_1_25' title="bbox 94 3633 1762 3708; baseline 0.002 -18"><span class='ocrx_word' id='word_1_272' title='bbox 94 3637 234 3692; x_wconf 87' lang='lat' dir='ltr'><strong>remittere</strong></span> <span class='ocrx_word' id='word_1_273' title='bbox 250 3636 347 3707; x_wconf 64' lang='lat' dir='ltr'><strong>(lldlllh.</strong></span> <span class='ocrx_word' id='word_1_274' title='bbox 368 3635 445 3691; x_wconf 83' lang='lat' dir='ltr'><strong>hddo</strong></span> <span class='ocrx_word' id='word_1_275' title='bbox 472 3642 564 3690; x_wconf 88' lang='lat' dir='ltr'><strong>tamen</strong></span> <span class='ocrx_word' id='word_1_276' title='bbox 579 3634 695 3688; x_wconf 87' lang='lat' dir='ltr'><strong>alterum</strong></span> <span class='ocrx_word' id='word_1_277' title='bbox 712 3642 912 3708; x_wconf 80' lang='lat' dir='ltr'><strong>argumentum,</strong></span> <span class='ocrx_word' id='word_1_278' title='bbox 931 3633 1019 3704; x_wconf 88' lang='lat' dir='ltr'><strong>ipsius</strong></span> <span class='ocrx_word' id='word_1_279' title='bbox 1034 3634 1141 3690; x_wconf 89' lang='lat' dir='ltr'><strong>scilieet</strong></span> <span class='ocrx_word' id='word_1_280' title='bbox 1162 3635 1269 3691; x_wconf 89' lang='lat' dir='ltr'><strong>llcineri</strong></span> <span class='ocrx_word' id='word_1_281' title='bbox 1296 3637 1450 3706; x_wconf 89' lang='lat' dir='ltr'><strong>silentium,</strong></span> <span class='ocrx_word' id='word_1_282' title='bbox 1466 3637 1514 3708; x_wconf 92' lang='lat' dir='ltr'><strong>qui</strong></span> <span class='ocrx_word' id='word_1_283' title='bbox 1532 3652 1595 3693; x_wconf 87' lang='lat' dir='ltr'><strong>cum</strong></span> <span class='ocrx_word' id='word_1_284' title='bbox 1611 3637 1662 3693; x_wconf 89' lang='lat' dir='ltr'><strong>lib.</strong></span> <span class='ocrx_word' id='word_1_285' title='bbox 1680 3655 1700 3693; x_wconf 93' lang='lat' dir='ltr'><strong>u</strong></span> <span class='ocrx_word' id='word_1_286' title='bbox 1725 3639 1762 3693; x_wconf 85' lang='lat' dir='ltr'><strong>lle</strong></span> 
     </span>
     <span class='ocr_line' id='line_1_26' title="bbox 95 3704 1761 3782; baseline 0.002 -21"><span class='ocrx_word' id='word_1_287' title='bbox 95 3708 276 3779; x_wconf 82' lang='lat' dir='ltr'><strong>scriptoribus</strong></span> <span class='ocrx_word' id='word_1_288' title='bbox 295 3707 454 3763; x_wconf 88' lang='lat' dir='ltr'><strong>monasterii</strong></span> <span class='ocrx_word' id='word_1_289' title='bbox 470 3705 512 3760; x_wconf 90' lang='lat' dir='ltr'><strong>sui</strong></span> <span class='ocrx_word' id='word_1_290' title='bbox 528 3704 660 3776; x_wconf 90' lang='lat' dir='ltr'><strong>opuscula</strong></span> <span class='ocrx_word' id='word_1_291' title='bbox 673 3722 732 3772; x_wconf 90' lang='lat' dir='ltr'><strong>sua,</strong></span> <span class='ocrx_word' id='word_1_292' title='bbox 749 3712 776 3760; x_wconf 90' lang='lat' dir='ltr'><strong>et</strong></span> <span class='ocrx_word' id='word_1_293' title='bbox 790 3705 862 3760; x_wconf 92' lang='lat' dir='ltr'><strong>inter</strong></span> <span class='ocrx_word' id='word_1_294' title='bbox 877 3706 935 3760; x_wconf 85' lang='lat' dir='ltr'><strong>haee</strong></span> <span class='ocrx_word' id='word_1_295' title='bbox 953 3705 1057 3777; x_wconf 90' lang='lat' dir='ltr'><strong>aliquot</strong></span> <span class='ocrx_word' id='word_1_296' title='bbox 1071 3707 1154 3761; x_wconf 89' lang='lat' dir='ltr'><strong>etiam</strong></span> <span class='ocrx_word' id='word_1_297' title='bbox 1177 3715 1334 3763; x_wconf 89' lang='lat' dir='ltr'><strong>sanctorum</strong></span> <span class='ocrx_word' id='word_1_298' title='bbox 1350 3708 1433 3776; x_wconf 80' lang='lat' dir='ltr'><strong>l&#39;itas,</strong></span> <span class='ocrx_word' id='word_1_299' title='bbox 1449 3708 1595 3782; x_wconf 85' lang='lat' dir='ltr'><strong>sanctique</strong></span> <span class='ocrx_word' id='word_1_300' title='bbox 1621 3709 1761 3766; x_wconf 77' lang='lat' dir='ltr'><strong>lamberti</strong></span> 
     </span>
     <span class='ocr_line' id='line_1_27' title="bbox 96 3776 1308 3850; baseline 0.002 -17"><span class='ocrx_word' id='word_1_301' title='bbox 96 3778 272 3850; x_wconf 85' lang='lat' dir='ltr'><strong>Triumphale</strong></span> <span class='ocrx_word' id='word_1_302' title='bbox 287 3778 448 3836; x_wconf 80' lang='lat' dir='ltr'><strong>bulonicum</strong></span> <span class='ocrx_word' id='word_1_303' title='bbox 461 3783 613 3841; x_wconf 87' lang='lat' dir='ltr'><strong>recenseat,</strong></span> <span class='ocrx_word' id='word_1_304' title='bbox 628 3776 662 3831; x_wconf 91' lang='lat' dir='ltr'><strong>dc</strong></span> <span class='ocrx_word' id='word_1_305' title='bbox 677 3777 802 3845; x_wconf 88' lang='lat' dir='ltr'><strong>ejusdem</strong></span> <span class='ocrx_word' id='word_1_306' title='bbox 817 3776 877 3832; x_wconf 83' lang='lat' dir='ltr'><strong>l&#39;ita</strong></span> <span class='ocrx_word' id='word_1_307' title='bbox 892 3793 927 3832; x_wconf 92' lang='lat' dir='ltr'><strong>ne</strong></span> <span class='ocrx_word' id='word_1_308' title='bbox 941 3777 1025 3833; x_wconf 86' lang='lat' dir='ltr'><strong>verbo</strong></span> <span class='ocrx_word' id='word_1_309' title='bbox 1040 3776 1156 3849; x_wconf 90' lang='lat' dir='ltr'><strong>quidem</strong></span> <span class='ocrx_word' id='word_1_310' title='bbox 1172 3779 1308 3835; x_wconf 90' lang='lat' dir='ltr'><strong>meminit.</strong></span> 
     </span>
    </p>
   </div>
   <div class='ocr_carea' id='block_1_10' title="bbox 132 3954 727 4029">
    <p class='ocr_par' dir='ltr' id='par_1_10' title="bbox 132 3954 727 4029">
     <span class='ocr_line' id='line_1_28' title="bbox 132 3954 727 4029; baseline -0.008 -16"><span class='ocrx_word' id='word_1_311' title='bbox 132 3957 218 4029; x_wconf 52' lang='lat'><strong>(9897</strong></span> <span class='ocrx_word' id='word_1_312' title='bbox 234 3957 381 4029; x_wconf 86' lang='lat' dir='ltr'><strong>Utramque</strong></span> <span class='ocrx_word' id='word_1_313' title='bbox 396 3957 504 4023; x_wconf 88' lang='lat' dir='ltr'><strong>damus,</strong></span> <span class='ocrx_word' id='word_1_314' title='bbox 521 3955 594 4010; x_wconf 81' lang='lat' dir='ltr'><strong>Enrr.</strong></span> <span class='ocrx_word' id='word_1_315' title='bbox 612 3954 727 4009; x_wconf 83' lang='lat' dir='ltr'><strong>Paraoc.</strong></span> 
     </span>
    </p>
   </div>
   <div class='ocr_carea' id='block_1_11' title="bbox 96 4236 1761 4252">
    <p class='ocr_par' dir='ltr' id='par_1_11' title="bbox 96 4236 1761 4252">
     <span class='ocr_line' id='line_1_29' title="bbox 96 4236 1761 4252; baseline 0.002 -4"><span class='ocrx_word' id='word_1_316' title='bbox 96 4236 1653 4251; x_wconf 51' lang='lat' dir='ltr'><strong>*tr—W*</strong></span> <span class='ocrx_word' id='word_1_317' title='bbox 1660 4241 1761 4252; x_wconf 84' lang='lat'>—</span> 
     </span>
    </p>
   </div>
   <div class='ocr_carea' id='block_1_12' title="bbox 468 4451 1378 4556">
    <p class='ocr_par' dir='ltr' id='par_1_12' title="bbox 468 4451 1378 4556">
     <span class='ocr_line' id='line_1_30' title="bbox 468 4451 1378 4556; baseline -0.004 -2"><span class='ocrx_word' id='word_1_318' title='bbox 468 4453 623 4556; x_wconf 82' lang='lat' dir='ltr'><strong>VtTl</strong></span> <span class='ocrx_word' id='word_1_319' title='bbox 672 4455 876 4551; x_wconf 78' lang='lat' dir='ltr'><strong>Putott</strong></span> <span class='ocrx_word' id='word_1_320' title='bbox 921 4451 971 4549; x_wconf 87' lang='lat' dir='ltr'><strong>S.</strong></span> <span class='ocrx_word' id='word_1_321' title='bbox 1021 4452 1378 4550; x_wconf 80' lang='lat' dir='ltr'><strong>LAMBERTI</strong></span> 
     </span>
    </p>
   </div>
   <div class='ocr_carea' id='block_1_13' title="bbox 188 4719 1666 4912">
    <p class='ocr_par' dir='ltr' id='par_1_13' title="bbox 188 4719 1666 4912">
     <span class='ocr_line' id='line_1_31' title="bbox 188 4719 1666 4803; baseline 0.003 -21"><span class='ocrx_word' id='word_1_322' title='bbox 188 4720 254 4783; x_wconf 87' lang='lat' dir='ltr'><strong>Sub</strong></span> <span class='ocrx_word' id='word_1_323' title='bbox 277 4721 398 4798; x_wconf 86' lang='lat' dir='ltr'><strong>llerteri,</strong></span> <span class='ocrx_word' id='word_1_324' title='bbox 423 4720 568 4784; x_wconf 90' lang='lat' dir='ltr'><strong>monachi</strong></span> <span class='ocrx_word' id='word_1_325' title='bbox 590 4720 780 4796; x_wconf 85' lang='lat' dir='ltr'><strong>Leodiensis,</strong></span> <span class='ocrx_word' id='word_1_326' title='bbox 803 4719 931 4783; x_wconf 88' lang='lat' dir='ltr'><strong>nomine</strong></span> <span class='ocrx_word' id='word_1_327' title='bbox 952 4721 1032 4783; x_wconf 91' lang='lat' dir='ltr'><strong>edita</strong></span> <span class='ocrx_word' id='word_1_328' title='bbox 1056 4723 1090 4785; x_wconf 91' lang='lat' dir='ltr'><strong>iu</strong></span> <span class='ocrx_word' id='word_1_329' title='bbox 1113 4721 1212 4785; x_wconf 88' lang='lat' dir='ltr'><strong>Gestis</strong></span> <span class='ocrx_word' id='word_1_330' title='bbox 1233 4721 1418 4803; x_wconf 87' lang='lat' dir='ltr'><strong>pontificum</strong></span> <span class='ocrx_word' id='word_1_331' title='bbox 1445 4720 1666 4786; x_wconf 79' lang='lat' dir='ltr'><strong>leodiensium</strong></span> 
     </span>
     <span class='ocr_line' id='line_1_32' title="bbox 603 4828 1258 4912; baseline 0 -21"><span class='ocrx_word' id='word_1_332' title='bbox 603 4837 730 4893; x_wconf 85' lang='lat' dir='ltr'><strong>auctore</strong></span> <span class='ocrx_word' id='word_1_333' title='bbox 751 4828 964 4912; x_wconf 76' lang='lat' dir='ltr'><strong>chapeaville,</strong></span> <span class='ocrx_word' id='word_1_334' title='bbox 988 4840 1064 4894; x_wconf 89' lang='lat' dir='ltr'><strong>tom.</strong></span> <span class='ocrx_word' id='word_1_335' title='bbox 1088 4830 1112 4907; x_wconf 86' lang='lat' dir='ltr'><strong>l,</strong></span> <span class='ocrx_word' id='word_1_336' title='bbox 1135 4848 1166 4912; x_wconf 88' lang='lat' dir='ltr'><strong>p.</strong></span> <span class='ocrx_word' id='word_1_337' title='bbox 1189 4830 1258 4892; x_wconf 81' lang='lat' dir='ltr'><strong>tlt.</strong></span> 
     </span>
    </p>
   </div>
   <div class='ocr_carea' id='block_1_14' title="bbox 95 5277 1771 5637">
    <p class='ocr_par' dir='ltr' id='par_1_14' title="bbox 372 5277 1770 5358">
     <span class='ocr_line' id='line_1_33' title="bbox 372 5277 1770 5358; baseline -0.001 -19"><span class='ocrx_word' id='word_1_338' title='bbox 372 5284 624 5344; x_wconf 75' lang='lat' dir='ltr'><strong>oteturhtttttu.</strong></span> <span class='ocrx_word' id='word_1_339' title='bbox 914 5286 1050 5356; x_wconf 68' lang='lat' dir='ltr'><strong>Accptae</strong></span> <span class='ocrx_word' id='word_1_340' title='bbox 1068 5286 1096 5336; x_wconf 92' lang='lat' dir='ltr'><strong>et</strong></span> <span class='ocrx_word' id='word_1_341' title='bbox 1109 5295 1175 5336; x_wconf 90' lang='lat' dir='ltr'><strong>vero</strong></span> <span class='ocrx_word' id='word_1_342' title='bbox 1198 5279 1339 5336; x_wconf 88' lang='lat' dir='ltr'><strong>Sacerdoti</strong></span> <span class='ocrx_word' id='word_1_343' title='bbox 1358 5277 1488 5335; x_wconf 88' lang='lat' dir='ltr'><strong>sacerdos</strong></span> <span class='ocrx_word' id='word_1_344' title='bbox 1507 5277 1639 5346; x_wconf 90' lang='lat' dir='ltr'><strong>dilectus,</strong></span> <span class='ocrx_word' id='word_1_345' title='bbox 1663 5280 1770 5358; x_wconf 74' lang='lat' dir='ltr'><strong>insigni</strong></span> 
     </span>
    </p>

    <p class='ocr_par' dir='ltr' id='par_1_15' title="bbox 95 5371 1770 5535">
     <span class='ocr_line' id='line_1_34' title="bbox 95 5371 1770 5448; baseline 0.004 -23"><span class='ocrx_word' id='word_1_346' title='bbox 95 5376 129 5427; x_wconf 83' lang='lat' dir='ltr'><strong>De</strong></span> <span class='ocrx_word' id='word_1_347' title='bbox 143 5374 282 5430; x_wconf 82' lang='lat' dir='ltr'><strong>nobilitate</strong></span> <span class='ocrx_word' id='word_1_348' title='bbox 294 5378 384 5431; x_wconf 79' lang='lat' dir='ltr'><strong>suncti</strong></span> <span class='ocrx_word' id='word_1_349' title='bbox 402 5375 545 5442; x_wconf 71' lang='lat' dir='ltr'><strong>lumbati,</strong></span> <span class='ocrx_word' id='word_1_350' title='bbox 567 5384 593 5432; x_wconf 85' lang='lat' dir='ltr'><strong>et</strong></span> <span class='ocrx_word' id='word_1_351' title='bbox 616 5393 732 5447; x_wconf 86' lang='lat' dir='ltr'><strong>querum</strong></span> <span class='ocrx_word' id='word_1_352' title='bbox 745 5379 902 5448; x_wconf 73' lang='lat' dir='ltr'><strong>princepum</strong></span> <span class='ocrx_word' id='word_1_353' title='bbox 952 5391 985 5431; x_wconf 90' lang='lat' dir='ltr'><strong>ex</strong></span> <span class='ocrx_word' id='word_1_354' title='bbox 1001 5372 1140 5445; x_wconf 90' lang='lat' dir='ltr'><strong>prosapia,</strong></span> <span class='ocrx_word' id='word_1_355' title='bbox 1160 5372 1341 5444; x_wconf 84' lang='lat' dir='ltr'><strong>Trajeetensis</strong></span> <span class='ocrx_word' id='word_1_356' title='bbox 1354 5371 1450 5445; x_wconf 87' lang='lat' dir='ltr'><strong>oppidi</strong></span> <span class='ocrx_word' id='word_1_357' title='bbox 1463 5371 1536 5440; x_wconf 88' lang='lat' dir='ltr'><strong>vice,</strong></span> <span class='ocrx_word' id='word_1_358' title='bbox 1550 5371 1657 5429; x_wconf 83' lang='lat' dir='ltr'><strong>exstitit</strong></span> <span class='ocrx_word' id='word_1_359' title='bbox 1670 5373 1770 5432; x_wconf 82' lang='lat' dir='ltr'><strong>oriun-</strong></span> 
     </span>
     <span class='ocr_line' id='line_1_35' title="bbox 360 5453 1769 5535; baseline 0.004 -18"><span class='ocrx_word' id='word_1_360' title='bbox 360 5453 476 5517; x_wconf 85' lang='lat' dir='ltr'><strong>ternpore</strong></span> <span class='ocrx_word' id='word_1_361' title='bbox 487 5455 570 5504; x_wconf 65' lang='lat' dir='ltr'><strong>”aliti</strong></span> <span class='ocrx_word' id='word_1_362' title='bbox 584 5453 629 5505; x_wconf 64' lang='lat'><strong>³52·</strong></span> <span class='ocrx_word' id='word_1_363' title='bbox 952 5467 1013 5530; x_wconf 84' lang='lat' dir='ltr'><strong>dus,</strong></span> <span class='ocrx_word' id='word_1_364' title='bbox 1029 5462 1119 5533; x_wconf 83' lang='lat' dir='ltr'><strong>cujus,</strong></span> <span class='ocrx_word' id='word_1_365' title='bbox 1132 5463 1274 5535; x_wconf 89' lang='lat' dir='ltr'><strong>ipsiusque</strong></span> <span class='ocrx_word' id='word_1_366' title='bbox 1285 5463 1420 5531; x_wconf 79' lang='lat' dir='ltr'><strong>maiorum</strong></span> <span class='ocrx_word' id='word_1_367' title='bbox 1435 5461 1521 5517; x_wconf 90' lang='lat' dir='ltr'><strong>multa</strong></span> <span class='ocrx_word' id='word_1_368' title='bbox 1533 5461 1561 5516; x_wconf 93' lang='lat' dir='ltr'><strong>in</strong></span> <span class='ocrx_word' id='word_1_369' title='bbox 1577 5461 1704 5520; x_wconf 85' lang='lat' dir='ltr'><strong>Ecclesia</strong></span> <span class='ocrx_word' id='word_1_370' title='bbox 1719 5465 1769 5522; x_wconf 87' lang='lat' dir='ltr'><strong>[tei</strong></span> 
     </span>
    </p>

    <p class='ocr_par' dir='ltr' id='par_1_16' title="bbox 134 5551 1771 5637">
     <span class='ocr_line' id='line_1_36' title="bbox 134 5551 1771 5637; baseline 0.01 -32"><span class='ocrx_word' id='word_1_371' title='bbox 134 5551 273 5614; x_wconf 86' lang='lat' dir='ltr'><strong>Gloriosus</strong></span> <span class='ocrx_word' id='word_1_372' title='bbox 285 5558 327 5615; x_wconf 87' lang='lat' dir='ltr'><strong>vir</strong></span> <span class='ocrx_word' id='word_1_373' title='bbox 338 5560 508 5629; x_wconf 82' lang='lat' dir='ltr'><strong>lambertus,</strong></span> <span class='ocrx_word' id='word_1_374' title='bbox 531 5567 634 5617; x_wconf 86' lang='lat' dir='ltr'><strong>aeterno</strong></span> <span class='ocrx_word' id='word_1_375' title='bbox 654 5563 722 5637; x_wconf 78' lang='lat' dir='ltr'><strong>llcgi</strong></span> <span class='ocrx_word' id='word_1_376' title='bbox 737 5569 839 5635; x_wconf 85' lang='lat' dir='ltr'><strong>martyr</strong></span> <span class='ocrx_word' id='word_1_377' title='bbox 860 5578 902 5618; x_wconf 89' lang='lat' dir='ltr'><strong>ac·</strong></span> <span class='ocrx_word' id='word_1_378' title='bbox 952 5555 1050 5632; x_wconf 82' lang='lat' dir='ltr'><strong>gratia,</strong></span> <span class='ocrx_word' id='word_1_379' title='bbox 1069 5555 1154 5610; x_wconf 91' lang='lat' dir='ltr'><strong>multa</strong></span> <span class='ocrx_word' id='word_1_380' title='bbox 1169 5555 1196 5611; x_wconf 92' lang='lat' dir='ltr'><strong>in</strong></span> <span class='ocrx_word' id='word_1_381' title='bbox 1212 5557 1376 5613; x_wconf 85' lang='lat' dir='ltr'><strong>Francorum</strong></span> <span class='ocrx_word' id='word_1_382' title='bbox 1392 5553 1536 5627; x_wconf 85' lang='lat' dir='ltr'><strong>republica</strong></span> <span class='ocrx_word' id='word_1_383' title='bbox 1549 5554 1640 5627; x_wconf 81' lang='lat' dir='ltr'><strong>gloria</strong></span> <span class='ocrx_word' id='word_1_384' title='bbox 1652 5564 1682 5613; x_wconf 85' lang='lat' dir='ltr'><strong>et</strong></span> <span class='ocrx_word' id='word_1_385' title='bbox 1696 5555 1771 5622; x_wconf 65' lang='lat' dir='ltr'><strong>fides</strong></span> 
     </span>
    </p>
   </div>
   <div class='ocr_carea' id='block_1_15' title="bbox 0 0 1867 6014">
    <p class='ocr_par' dir='ltr' id='par_1_17' title="bbox 0 0 1867 6014">
     <span class='ocr_line' id='line_1_37' title="bbox 0 0 1867 6014; baseline 0 0"><span class='ocrx_word' id='word_1_386' title='bbox 0 0 1867 6014; x_wconf 95' lang='lat' dir='ltr'><strong> </strong></span> 
     </span>
    </p>
   </div>
  </div>
 </body>
</html>
