3720 6014
63 99 115 157 tut

570 109 645 164 Vde
665 108 842 167 ououultltt
861 109 1011 168 crisconi
1030 109 1222 168 heiluidis.

1678 116 1735 173 702

59 237 90 284 et
106 232 210 303 topatio
236 246 298 287 ossa
313 235 401 291 sancti
430 239 557 311 martyris
586 240 708 317 Gregorii
737 243 872 314 Spoletini
886 247 909 315 Α
924 248 968 298 tus
984 244 1074 313 Hetpoe
1092 245 1374 315 superdei-,neumae
1390 246 1613 314 faciendumque
1630 251 1733 317 etpro-

60 325 308 398 impetravitque
332 328 476 399 decenter,
490 339 520 386 ιιι
534 333 616 388 hodie
636 344 678 390 est
693 352 817 403 cernere,
845 337 873 391 in

63 419 192 473 aeclesia
208 420 305 475 cadem
326 423 459 492 reposuit.
479 425 590 480 Possem
613 443 757 484 recensere
782 431 876 500 plnres

62 510 202 581 cujusque
218 511 323 566 ordinis
346 529 378 568 ca
399 520 560 584 tempestate
586 515 720 592 insignes,
749 526 792 574 set
810 519 874 575 noio

63 601 249 656 extaedientur
268 603 383 658 aliorum
406 615 513 659 ruentes
540 607 584 661 uei
606 623 697 662 aures.
716 608 762 662 lsti
779 616 877 679 praeter

61 705 112 746 cos
134 707 204 763 quos
218 691 290 747 sama
304 694 423 749 obscura
438 696 574 762 recondit,
593 696 675 765 hujus
691 697 777 768 patris
789 698 877 754 nostri

63 784 298 853 contemporales,
326 785 410 857 aliqui
434 787 515 843 ctiam
541 787 768 853 contubernales,
791 789 877 861 aliqui

60 870 251 938 contribules;
268 872 295 926 hi
306 873 417 946 iuquam
434 877 494 945 cJus
510 877 537 930 in
550 876 654 932 bonum
669 887 874 948 cooperatores,

59 961 90 1015 hi
108 962 136 1015 in
166 963 384 1020 castrisclomiui
409 967 527 1023 Sabaoth
561 969 643 1038 hujus
662 969 768 1044 egregii
796 978 876 1025 antc-

59 1054 174 1124 signani
191 1053 267 1109 i'ucrc
284 1057 499 1124 commilitones,
516 1060 543 1113 hi
558 1076 655 1116 omnes
667 1063 874 1131 succenturiati,

60 1145 90 1199 in
117 1145 174 1200 otio
203 1154 230 1201 et
247 1147 274 1200 in
291 1150 402 1221 negotio
417 1151 508 1205 causis
537 1153 608 1225 regis
622 1153 748 1219 aderant,
759 1155 875 1226 eiusque

63 1244 195 1306 nepotem
212 1238 391 1293 [teodericum
413 1239 458 1294 alii
480 1242 565 1311 patris
587 1242 702 1310 itenere,
717 1243 763 1297 aiii
785 1243 875 1299 iratris

61 1345 158 1383 autore
176 1328 290 1384 mirilico
306 1330 480 1387 excolebant.

924 336 1004 407 digia
1018 338 1067 405 (IV
1080 341 1143 406 lire.
1165 355 1195 403 u,
1221 339 1274 405 iet.
1292 338 1333 393 sic
1359 354 1441 393 omrte
1465 338 1616 409 spiritualis
1642 340 1737 412 gratiae

926 427 1039 490 donum,
1058 442 1112 499 quo
1131 428 1285 483 Brunonem
1307 427 1353 481 liei
1369 426 1548 499 insigniverat
1565 428 1662 501 gratia,
1685 428 1737 482 mi-

927 520 1027 575 rareris
1048 520 1075 575 in
1107 520 1287 576 deodericum
1312 519 1478 574 transfusum
1505 521 1538 575 ad
1565 519 1738 592 disponenda

927 607 1006 684 regui
1022 609 1143 681 negotia.

963 698 989 751 tt.
1008 701 1043 753 De
1058 701 1183 752 unanimi
1204 699 1381 767 fraternitate
1399 699 1611 754 eteritiiettensis
1625 704 1649 753 et
1668 699 1738 754 Hal-

929 790 1114 845 berstedense's.
1133 790 1195 845 Erat
1210 790 1275 845 hnic
1289 789 1441 860 imperialis
1455 789 1609 845 nobilitatis
1636 797 1663 845 et
1678 790 1738 861 epi·

927 877 1044 949 scopaiis
1061 879 1204 953 dignitatis
1219 879 1277 932 rire
1294 879 1369 952 jugis
1388 879 1530 953 vigilantia
1552 895 1636 950 super
1655 895 1738 935 excu-

927 969 987 1024 bias
1007 969 1059 1024 sibi
1074 971 1214 1025 commissi
1227 971 1330 1044 gregis,
1355 978 1414 1025 erat
1429 972 1596 1042 propensior
1610 988 1676 1026 cura
1688 985 1738 1042 pro

925 1061 1031 1116 bonore
1047 1068 1074 1115 et
1089 1061 1215 1132 proiectu
1236 1062 1371 1117 clericalis
1385 1063 1507 1127 ordinis,-
1528 1064 1590 1118 ideo
1603 1061 1736 1135 quiequid

926 1168 1022 1208 eorum
1037 1152 1119 1208 saluti
1134 1152 1290 1209 conducere
1304 1154 1423 1224 ridebat,
1437 1155 1586 1230 diligenter
1600 1171 1736 1227 procura·

926 1244 982 1300 hat.
1000 1245 1078 1300 Unde
1104 1245 1177 1299 inter
1196 1252 1294 1300 caetera
1319 1247 1422 1300 clerum
1440 1247 1599 1302 liettensem
1616 1255 1643 1303 et
1663 1249 1731 1303 liai·

925 1337 1147 1401 herstedensum,
1164 1338 1211 1408 qui
1241 1337 1349 1409 utrique
1373 1339 1528 1394 innituntur
1551 1349 1679 1409 patrono,
1694 1344 1735 1397 ui-

99 1420 379 1474 rememorationem
398 1423 541 1477 brunonis.
568 1423 714 1494 Postquam
731 1424 804 1496 (936)
820 1425 875 1498 igi·
925 1425 1043 1480 ctorioso
1059 1425 1164 1481 scilicet
1183 1432 1383 1498 protomartyre
1407 1427 1558 1499 Steplrauo,
1577 1429 1613 1483 ita
1633 1437 1735 1485 mutuae

59 1520 105 1568 tur
124 1514 291 1568 venerabilis
305 1515 636 1586 arelticpiseopnsitruno
658 1524 743 1574 totam
758 1534 873 1589 compo·
924 1511 1044 1567 caritatis
1064 1513 1153 1567 ιιιιῑιῑῑ
1178 1513 1296 1583 glutino,
1326 1523 1356 1569 ut
1382 1530 1429 1570 00?
1455 1532 1538 1569 ιιιιιιιιι
1566 1525 1594 1571 ιι
1613 1517 1733 1573 animam

58 1614 153 1660 suerat
179 1606 406 1679 totlunnngiam.
435 1607 631 1678 compendium
660 1611 780 1680 perrexit
792 1627 870 1667 com·
924 1620 1007 1658 nnarn
1026 1604 1066 1658 eis
1081 1603 1197 1660 ininndn
1213 1611 1240 1659 nt
1255 1605 1281 1659 in
1300 1606 1426 1668 homino,
1450 1607 1475 1660 td
1492 1615 1535 1662 cst
1549 1615 1577 1663 nt
1591 1609 1617 1662 in
1634 1624 1734 1681 corpo-

60 1696 201 1765 positurus
217 1696 299 1750 etiam
322 1696 474 1763 Franciam,
499 1697 605 1752 habens
619 1715 713 1754 secum
729 1700 873 1756 consobri-
923 1692 1025 1747 talibus
1039 1702 1174 1764 Ιιθιβιῑιιι
1193 1693 1233 1747 eis
1247 1704 1320 1749 esset
1340 1695 1500 1750 diitssiiffliis
1513 1699 1684 1764 ιθιιιιῐιιιιιῑθι
1705 1706 1733 1754 Oi

58 1805 125 1842 num
143 1805 223 1843 suum
245 1790 440 1855 heodericum,
461 1792 489 1846 in
506 1793 611 1848 cunctis
631 1795 763 1865 operibus
791 1796 872 1851 bouis

58 1880 250 1935 fidelissimum
281 1883 445 1951 adjutorem.
476 1885 542 1939 ilum
569 1886 672 1958 quippe
701 1888 736 1941 ah
756 1887 871 1944 exordio

58 1972 290 2028 incardinationis
309 1975 369 2043 ejus
394 1976 422 2029 in
442 1978 571 2032 omnibus
602 1979 720 2052 negotiis
736 1979 872 2047 2exihebat

59 2065 114 2119 sibi
135 2073 353 2138 cooperatorem,
371 2068 539 2142 praesagiens
550 2085 612 2125 eum
629 2087 743 2141 operum
758 2088 871 2127 suorum

58 2154 120 2208 iore
146 2154 352 2224 imitatorem,et
370 2157 463 2230 gratiae
494 2157 659 2229 virtutisque
687 2159 739 2213 sihi
768 2160 873 2217 caelitus

59 2260 200 2299 concessae
222 2260 276 2299 non
291 2245 372 2319 longe
389 2253 451 2315 post
465 2246 606 2301 heredem.
625 2247 669 2301 l'ir
688 2264 753 2322 ergo
773 2248 871 2319 pacifi-

56 2352 108 2390 cus
130 2336 226 2390 rolens
242 2336 332 2390 vocari
356 2336 402 2391 llei
424 2335 508 2404 tilius,
532 2337 598 2391 dum
623 2353 737 2407 operum
758 2354 871 2395 suorum

59 2425 141 2478 lionae
157 2424 392 2480 consummationi
413 2433 486 2479 esset
501 2425 635 2490 intentus
651 2426 754 2500 decidit
774 2426 801 2480 in
831 2427 871 2482 le·

56 2524 134 2571 ctum
158 2516 284 2586 corporis
302 2517 452 2591 gravedine
466 2517 609 2583 detentus3
631 2524 658 2572 et
672 2518 764 2573 iicmis
784 2535 872 2590 usque

923 1786 950 1839 in
978 1785 1168 1857 spiritualibus
1191 1785 1310 1841 indivisa
1337 1794 1411 1841 esset
1438 1788 1560 1843 caritatis
1586 1791 1731 1847 connexio.

922 1876 999 1942 Quod
1014 1893 1064 1932 sua
1080 1876 1216 1932 initiatum
1240 1877 1396 1951 diligentia,
1412 1881 1581 1935 successoris
1602 1889 1629 1936 ct
1645 1898 1733 1953 nepo·

921 1963 957 2017 tis
972 1963 1013 2018 sui
1033 1963 1113 2020 bonae
1129 1965 1268 2021 memoriae
1284 1965 1465 2021 hdeiherouis
1479 1968 1625 2038 'supplerit
1646 1971 1732 2024 iudu-

921 2057 996 2110 stria.
1009 2057 1076 2122 Quia
1090 2057 1164 2112 euim
1177 2058 1557 2115 iialbcrstcndensisantistcs
1568 2061 1596 2114 in
1610 2063 1733 2118 celebre·

922 2145 996 2200 tione
1010 2146 1155 2201 missarum
1170 2146 1370 2218 sollempnibus
1385 2147 1484 2201 diebus
1504 2148 1631 2204 utebatur
1645 2150 1729 2224 logio,

923 2237 949 2291 id
965 2247 1008 2292 cst
1023 2238 1147 2293 rationaii
1164 2238 1238 2309 (937)
1259 2239 1334 2310 quod
1348 2245 1390 2293 cst
1407 2238 1538 2293 indicium
1555 2239 1688 2296 doctrinm
1704 2250 1732 2297 et

922 2330 1054 2396 veritatis,
1072 2338 1253 2404 praerogatum
1262 2331 1393 2387 aecciesiae
1409 2347 1464 2386 sure
1480 2349 1513 2389 cx
1525 2331 1636 2388 decreto
1652 2349 1747 2404 papoe·

922 2418 1039 2493 Agapiti,
1054 2419 1193 2494 suggessit
1210 2436 1260 2490 per
1274 2420 1420 2490 epistolam
1435 2421 1584 2492 praedietus
1594 2421 1732 2479 tidelhcro

923 2509 1209 2581 illidunrdoepiscnpo
1225 2511 1477 2584 ilaiberstendcnsi,
1491 2521 1520 2567 ut
1533 2513 1600 2584 quia
1615 2513 1731 2568 orantia

57 2625 211 2683 regressus,
232 2609 335 2664 ibidem
351 2609 539 2666 invalescente
570 2610 734 2687 aegritudine
757 2618 800 2668 cst
827 2628 872 2667 re·
922 2606 1154 2673 omnibusnunm,
1166 2607 1384 2662 communicaret
1395 2607 1477 2662 etiam
1488 2607 1542 2662 sibi
1553 2609 1621 2663 illud
1633 2625 1729 2678 uncam,

58 2706 161 2753 tantus.
183 2699 310 2753 Senticns
325 2699 416 2770 itaque
442 2699 525 2755 harem
541 2716 620 2756 suum
637 2717 653 2754 a
676 2700 731 2755 ileo
745 2700 799 2754 sibi
819 2716 872 2758 no·
922 2700 1063 2771 quoderat
1075 2698 1234 2754 sibisoInm.
1255 2699 1406 2770 Respondit
1421 2700 1460 2753 illi
1476 2700 1521 2754 ille
1537 2700 1625 2771 least:
1642 2701 1730 2756 Unum

59 2785 171 2853 titicari,
192 2803 393 2859 numerumque
417 2788 525 2842 dierum
545 2804 657 2845 suorum
672 2791 870 2859 consummari,
922 2788 1095 2844 individuum
1110 2805 1181 2854 csse,
1201 2796 1243 2844 set
1263 2790 1327 2861 quia
1352 2789 1465 2844 lenitatis
1480 2790 1578 2844 caritas
1593 2789 1661 2845 nihil
1677 2807 1729 2861 pa·

58 2878 206 2951 sciensque
226 2880 293 2951 quid
308 2882 418 2935 deesset
438 2881 502 2948 sibi,
524 2881 686 2938 deliberarit
706 2899 798 2939 secum
814 2884 870 2939 eie·
921 2878 1041 2933 tiebatur
1055 2894 1168 2954 negare,
1193 2879 1279 2934 misso
1295 2878 1376 2933 simili
1394 2878 1461 2933 illud
1487 2894 1517 2933 se
1535 2879 1560 2934 ei
1577 2879 1731 2934 communi·

58 2969 175 3024 mosinis
194 2977 306 3040 peccata
321 2987 369 3024 sua
391 2972 527 3026 redimere
542 2978 569 3026 et
587 2974 734 3029 thesauros
755 2990 820 3029 suos
840 2974 868 3028 in
883 2925 992 3036 Ccare,
1008 2985 1040 3025 ea
1051 2969 1191 3040 proposita
1205 2969 1377 3034 conditione,
1400 2976 1429 3024 nt
1446 2967 1536 3022 nentri
1549 2968 1644 3023 liceret
1659 2968 1730 3023 uite·

55 3063 242 3136 gazophilatio
269 3063 331 3118 canii
353 3063 517 3129 recondere,
540 3063 646 3120 scilicet
666 3065 693 3119 in
718 3081 784 3120 usus
800 3082 867 3137 pan·
919 3061 976 3116 rius
993 3062 1048 3130 jam
1076 3061 1124 3116 ulli
1144 3061 1276 3117 aecclesiae
1305 3060 1374 3116 iilud
1390 3061 1594 3129 transiundere,
1621 3069 1662 3115 set
1690 3062 1731 3117 lue

59 3167 156 3221 perum
171 3161 197 3205 ct
222 3151 408 3206 aecclesiarum
423 3150 521 3206 Christi
536 3154 708 3225 expendere;
725 3165 753 3210 et
767 3171 872 3212 uocans¹
919 3155 981 3211 duae
1004 3155 1070 3209 solae
1085 3169 1195 3210 sorores
1211 3169 1266 3209 uno
1282 3162 1370 3223 patre,
1395 3171 1450 3209 una
1478 3161 1576 3221 matre,
1596 3170 1653 3208 una
1665 3170 1730 3228 ger·

57 3242 92 3296 ad
113 3258 143 3296 se
161 3242 333 3316 refrigerium
349 3242 454 3299 doloris
466 3243 510 3298 sui
530 3251 556 3298 et
577 3245 638 3300 vitre
659 3246 810 3318 mortisque
822 3262 869 3303 so·

56 3335 153 3389 iatittm
183 3335 376 3397 heodericum,
403 3341 431 3389 et
445 3335 646 3391 virdunensem
670 3354 781 3392 -uam
805 3344 833 3394 et
846 3338 869 3394 is

58 3434 158 3496 praesto
170 3432 227 3479 erat
239 3455 272 3463 —
283 3424 454 3492 Wiciridum‚
475 3442 567 3480 coram
589 3429 630 3481 eis
644 3427 758 3484 dietavit
777 3437 806 3484 et
827 3430 868 3484 si·

57 3521 153 3592 gnauit
171 3525 364 3573 testamentum
391 3536 482 3587 suum,
509 3537 614 3593 eosque
640 3521 792 3577 sanctionis
813 3538 870 3578 suae

57 3615 142 3666 testes
158 3619 185 3664 et
200 3609 356 3663 testamenti
370 3608 411 3663 sui
439 3609 536 3664 statuit
562 3609 773 3682 dissignatores.
794 3611 871 3666 iam·

60 3719 114 3772 qne
129 3701 297 3772 inpendente
313 3701 496 3756 tremebunda
511 3702 704 3757 dissolutionis
718 3718 775 3757 suae
792 3703 870 3768 hora,

61 3795 122 3847 nisu
144 3809 198 3864 quo
214 3800 319 3864 poterat
344 3794 378 3848 ad
400 3802 530 3865 nepotem
546 3811 625 3850 suum
643 3795 826 3851 heodericum
842 3811 872 3851 se

60 3892 235 3948 convertens,
268 3882 349 3953 eique
371 3899 404 3937 ex
432 3883 604 3954 praecordiali
632 3882 871 3939 aiicctuuitimnm

60 3974 120 4029 vale
150 3974 259 4028 dicens:
282 3977 402 4040 Dovna'ne,
429 3974 529 4046 inquit,
555 3993 615 4031 ortt.
639 3975 699 4031 hiox
719 3976 817 4032 devote
845 3983 873 4031 et

60 4064 174 4120 contuse
190 4072 272 4120 cantu
284 4074 311 4120 ct
327 4066 437 4136 planctu
454 4074 623 4136 personante
643 4067 778 4134 omnium,
798 4081 872 4123 nuno

61 4158 176 4213 ltomiuc
200 4158 411 4230 nongentesimo
425 4159 598 4234 sexagesimo
611 4160 720 4231 quinto.
740 4159 871 4215 biduum

61 4252 195 4310 Octobris.
212 4251 292 4307 soirit
319 4261 423 4308 riaturae
440 4253 575 4317 debitum,
592 4255 658 4310 eaeio
679 4255 791 4309 mittens
802 4271 872 4327 gau-

60 4345 148 4406 dium,
164 4344 268 4399 mundo
281 4345 440 4416 relinquens
453 4346 606 4413 justicium.
625 4346 793 4402 ilcodericus
808 4363 870 4402 cum

59 4436 228 4506 coepiscopo
249 4450 349 4505 corpus
380 4435 462 4490 amici
482 4434 621 4490 Coloniam
651 4436 809 4506 reportavit,
830 4443 873 4492 te-

61 4531 228 4580 stamcutum
245 4522 319 4578 ciero
340 4530 367 4578 ct
383 4523 490 4578 civibus
506 4524 664 4598 resignarit,
679 4523 763 4579 fidem
783 4525 871 4580 deuo·

58 4618 232 4687 tioncmque,
261 4632 341 4688 quam
363 4616 424 4672 rito
447 4614 618 4682 monstrauit,
638 4615 720 4670 etiam
742 4615 873 4672 defuncto

60 4726 116 4764 uon
131 4708 251 4781 negavit.
268 4708 369 4764 ltoicus
384 4709 533 4779 imperator
554 4724 584 4763 se
604 4708 686 4764 unico
719 4707 875 4764 solation-

59 4803 189 4867 nuatum,
205 4799 332 4855 affectum
349 4817 431 4871 quern
448 4798 569 4853 habebat
583 4799 612 4854 in
625 4799 739 4855 fratrem
752 4797 874 4854 transiu-

61 4892 103 4948 dit
130 4893 158 4947 in
179 4892 387 4949 consobrinum.
408 4892 508 4948 Dolens
519 4891 633 4946 antistes
647 4907 676 4947 se
695 4891 872 4961 superstitem

58 4999 122 5039 esse
138 4983 239 5038 animat
254 4982 449 5050 suadimidio,
465 4997 500 5036 ne
517 4981 604 5053 impar
619 4988 666 5037 aut
682 4981 814 5056 indiguus
829 4998 874 5038 es·

58 5076 104 5126 set
119 5071 193 5144 rogis
211 5071 314 5138 animo,
331 5071 439 5125 tratrem
456 5070 480 5125 ei
501 5070 718 5142 representabat
740 5070 873 5128 fidelitate

57 5168 88 5214 et
100 5159 248 5231 obsequio,
264 5166 292 5215 et
307 5160 379 5215 sicut
400 5159 532 5231 scriptum
548 5167 605 5214 cst:
627 5162 768 5229 Requieutt
789 5163 873 5230 spiri-

919 3247 1062 3311 manitate,
1083 3261 1140 3301 uno
1154 3237 1307 3320 gaudente's
1327 3252 1493 3316 protectore,
1519 3245 1606 3301 ocnlis
1633 3247 1729 3316 sponsi

919 3351 949 3389 se
964 3340 1091 3405 aptarent
1105 3334 1206 3404 pudice
1222 3341 1249 3388 et
1263 3333 1425 3400 honorilice,
1440 3333 1502 3387 etsi
1518 3350 1570 3404 qua
1595 3333 1673 3389 alteri
1686 3334 1730 3388 in·

920 3431 993 3480 esset
1013 3423 1119 3479 macula
1138 3431 1185 3478 aut
1196 3439 1273 3497 ruga,
1290 3422 1404 3477 alterius
1421 3424 1628 3496 tergereturrcl
1641 3425 1730 3479 corri-

920 3526 1029 3592 geretur
1048 3518 1170 3573 dextera,
1194 3517 1389 3587 Expostulabat
1404 3524 1497 3571 tamen
1514 3532 1562 3587 pro
1579 3517 1632 3572 hoc
1643 3518 1730 3574 vicem

922 3611 1068 3666 laudandae
1080 3610 1320 3675 remunerationis
1338 3610 1396 3665 dari
1413 3609 1519 3665 scilicet
1532 3609 1664 3666 aeclesiae
1674 3626 1731 3679 suae

923 3712 1027 3776 partem
1043 3703 1087 3759 sei
1103 3704 1243 3758 minimam
1263 3703 1406 3776 sanguinis
1421 3702 1661 3774 prothomartyris,
1679 3703 1728 3775 qui

922 3792 1036 3867 sanguis
1049 3809 1114 3848 vera
1128 3791 1181 3847 hdo
1196 3792 1318 3848 creditur
1333 3791 1458 3862 pululare
1473 3791 1502 3845 in
1517 3790 1643 3846 aecclesie
1654 3791 1732 3847 urbis

923 3881 1073 3947 biettensis,
1091 3888 1117 3937 et
1131 3881 1260 3953 reliquias
1274 3881 1401 3953 gloriosae
1418 3880 1517 3936 Christi
1538 3881 1655 3955 virginis
1669 3881 1733 3937 Gie-

923 3971 1055 4027 desindis.
1083 3970 1184 4037 Unde,
1218 3969 1289 4026 sicut
1320 3986 1370 4042 per
1401 3970 1577 4026 Salomonem
1609 3969 1730 4026 dicitur:

923 4063 1068 4118 funiculus
1092 4062 1193 4132 triplae
1208 4062 1321 4132 difficile
1343 4063 1485 4132 rumpitur
1500 4062 1594 4128 (Erote.
1609 4076 1646 4127 rr,
1673 4060 1731 4130 tet,

924 4151 982 4205 itate
1005 4150 1065 4220 ipsa
1089 4149 1268 4204 fraternitatis
1295 4149 1463 4204 unanimitas
1489 4164 1578 4219 usque
1606 4147 1634 4200 in
1662 4162 1731 4217 prae-

922 4258 987 4297 sens
1006 4242 1168 4298 inconuulsa
1182 4242 1322 4312 utrimque
1337 4239 1494 4294 firmissime
1507 4245 1641 4293 servatur.

957 4335 991 4392 to
1018 4339 1055 4391 De
1084 4339 1192 4406 prtooto
1226 4336 1323 4389 itenere
1359 4333 1529 4389 dicttensr‘um
1561 4331 1728 4400 pontificum.

923 4428 1040 4485 Felicem
1047 4437 1161 4485 matrem
1178 4427 1330 4485 aecclesiam
1337 4424 1473 4481 tamduiei
1484 4423 1583 4479 ailcctu
1592 4421 1729 4478 filiorum!

923 4518 1043 4586 ielieem,
1065 4520 1188 4590 iuquam,
1215 4517 1375 4571 ilettensem
1390 4514 1485 4569 urbem
1512 4520 1564 4566 tam
1578 4511 1636 4584 jugi
1666 4527 1731 4582 pro-

924 4614 1004 4665 vectu
1035 4605 1242 4680 episcoporum!
1271 4604 1319 4658 iiix
1348 4603 1420 4658 enim
1449 4602 1514 4658 huie
1539 4618 1569 4657 se
1599 4600 1730 4673 preferre

924 4699 1065 4755 audebunt
1084 4698 1183 4770 aliquae
1197 4695 1343 4750 Galliarum
1358 4693 1491 4759 civitates,
1509 4693 1583 4765 quod
1611 4691 1732 4764 potiores

923 4793 1005 4848 aileo
1019 4789 1178 4862 acceperint
1192 4787 1360 4854 sacerdotes,
1369 4785 1412 4841 vei
1428 4786 1573 4841 nobilitate
1588 4785 1731 4852 clariores,

923 4883 966 4940 vei
986 4882 1131 4938 sanctitate
1156 4878 1336 4944 illustriores;
1356 4876 1431 4931 uude
1450 4874 1602 4947 etquidem
1618 4873 1732 4928 Metten-

923 4975 995 5030 sium
1011 4970 1184 5045 pontificum,
1200 4968 1326 5025 honorati
1341 4967 1412 5023 ultra
1426 4967 1562 5039 priuatum
1579 4965 1728 5037 praesuinm

923 5067 1048 5134 modum,
1064 5064 1228 5137 pierumque
1243 5078 1259 5116 a
1273 5061 1339 5116 sedo
1354 5058 1506 5131 apostoliea
1519 5058 1573 5112 tale
1588 5053 1731 5112 consecuti

923 5165 987 5214 sunt
1001 5155 1187 5230 privilegium,
1196 5153 1254 5210 sive
1268 5152 1304 5208 ob
1319 5150 1471 5207 sanctitatis
1485 5147 1610 5223 gratiam,
1624 5145 1682 5201 sive
1694 5143 1730 5199 ob

829 5283 934 5341 ΝΟΜ.

98 5387 172 5459 (936)
184 5388 219 5442 Ex
230 5387 361 5462 iiuotgeri
381 5387 441 5443 Vita
455 5388 593 5444 Bruuouis
603 5402 626 5442 c.
640 5386 737 5444 te-te.

99 5460 172 5530 teet)
186 5460 273 5514 Vestis
288 5458 331 5514 vei
342 5465 547 5524 ornamentum,
563 5458 698 5514 adinstar
713 5457 830 5515 rationa—
903 5476 931 5531 p.

59 5531 96 5587 lis
117 5530 177 5586 siue
191 5532 268 5588 stolae
282 5530 381 5586 summi
401 5531 553 5586 sacerdotis
567 5530 736 5588 tudaeornm.

947 5387 1028 5516 ἑὲἓὸ)
1049 5385 1079 5439 V.
1109 5381 1266 5439 liiidiwardi
1299 5379 1445 5452 epistolam
1475 5393 1519 5448 ap.
1549 5376 1688 5433 labbeum
1708 5375 1731 5441 l,
