3720 6014
121 158 190 267 ,969
269 205 277 218 ’
624 205 810 269 aeaaaaest
829 202 968 261 abactis
988 203 1016 258 S.
1037 202 1158 261 attint
1177 201 1311 259 inette.
1667 280 1673 292 .
1761 203 1815 262 960

137 335 350 393 venerabilisle
373 351 439 391 crux
453 336 573 410 gloriosa
592 343 618 389 et
633 333 816 402 admirabilis,
841 333 885 387 cui
914 340 945 387 ut
957 330 1164 406 Adcsiderium
1189 349 1222 387 ea
1237 331 1305 388 bera
1332 330 1496 387 comedendi
1520 332 1605 395 etiam
1632 331 1813 388 dimitterent

137 429 249 484 debitus
276 431 364 485 boner
391 429 568 483 exhiberetur
600 445 613 482 n
637 428 754 494 cunctis,
774 426 943 497 praeceniurn
995 419 1129 477 studium.
1147 420 1294 489 Ubi„dum
1314 420 1383 475 alter
1403 419 1518 476 alterius
1541 420 1689 477 inuidebat
1709 419 1818 479 ueloci·

139 518 399 586 babebatcxvitis,
421 527 448 574 ct
473 519 662 575 testimoninm
692 534 725 573 cx
744 514 895 572 defunctis!
927 515 946 571 0
996 512 1043 567 tati
1056 511 1155 568 aemula
1171 510 1254 568 fiebat
1278 512 1398 568 charitas
1417 513 1554 579 charitati,
1578 512 1749 586 quandoad
1779 513 1817 569 ui-

138 604 339 660 inaestimabilis
365 606 476 662 dileetio
506 606 691 675 cliaritatis,e
712 604 860 661 ineffabilis
887 604 947 659 dis·
996 599 1115 655 dendam
1130 601 1254 671 ejusdcm
1270 601 1392 657 coelestis
1407 601 1530 673 mysterii
1544 602 1725 675 dignitatern,
1752 600 1817 657 cha·

139 697 264 768 pensatio
289 698 392 753 divinae
422 698 544 769 pictatis,
568 696 946 771 quaeperarcauumautiquae
996 689 1062 745 ritas
1077 690 1160 761 coepit
1175 690 1316 746 retardare
1331 690 1503 746 charitatem.
1527 691 1707 749 Olaudabile
1724 691 1816 746 dixer·

139 790 292 845 diuinitatis
305 791 464 857 cettsilium,
489 791 516 846 iu
533 798 647 847 mertem
662 791 754 847 crucis
770 805 819 863 pre
834 789 946 845 lxemine
995 779 1073 842 lium,
1090 787 1117 834 θῑ
1132 778 1516 849 admli³b510⁰0fflfflel0¹umt
1532 781 1560 835 i¹¹
1581 796 1638 854 (11¹⁰
1650 797 1754 837 ⁰⁰⁶⁰ss
1768 796 1815 836 W·

140 879 234 944 lleum,
247 886 274 934 ct
290 895 340 951 pre
350 896 430 935 servo
445 880 556 936 tradidit
566 881 583 935 F
587 880 674 947 ilium,
691 888 721 936 ut
732 888 793 951 pest
808 878 946 934 deuictam
996 872 1097 930 loeium
1118 890 1228 929 cursum
1251 874 1400 930 retardavit
1427 875 1568 943 inertium,
1582 875 1630 931 ubi
1652 876 1721 932 licet
1736 875 1815 932 velo·

139 966 263 1037 einsdern
280 969 375 1022 mortis
401 968 593 1035 acerbitatem,
618 984 712 1024 servus
727 968 895 1034 libertatem,
919 973 947 1020 et
997 966 1086 1021 cieres
1104 966 1207 1038 quique
1229 966 1367 1022 retardare
1383 967 1543 1024 viderentur
1558 969 1677 1036 inertes,
1700 967 1814 1040 utrique

140 1060 213 1115 lilius
225 1061 360 1132 reciperet
377 1063 581 1118 haereditatem!
599 1063 732 1118 Videlicet
746 1062 842 1118 eadem
858 1075 947 1114 sacra·
997 1065 1089 1113 tamea
1104 1058 1197 1132 gratiae
1223 1058 1271 1114 [lei
1287 1075 1462 1132 nequaquam
1487 1059 1657 1116 videbantur
1672 1068 1814 1131 expertes.

140 1154 323 1212 tissimacrux
345 1158 465 1213 humano
490 1174 545 1213 nen
573 1158 696 1231 indigeat
712 1156 860 1228 praeconio,
884 1168 946 1225 qua
997 1151 1062 1218 Sed,
1087 1151 1152 1222 quia
1167 1152 1289 1207 nonduin
1317 1151 1425 1209 inerant
1447 1153 1575 1208 virtutem
1593 1161 1699 1208 sanctas
1724 1152 1814 1208 crucis

140 1246 520 1320 propheticeeteuangelice
545 1247 616 1302 ultre
641 1245 851 1301 commendatur
870 1242 945 1298 testi·
998 1239 1114 1310 experti,
1152 1240 1216 1295 ideo
1244 1240 1318 1295 iucrs
1343 1241 1441 1309 veloci,
1472 1249 1500 1296 et
1538 1241 1617 1297 uelox
1652 1240 1813 1297 adherebat

140 1334 244 1401 inenie,
274 1336 388 1410 dignum
414 1348 505 1392 tarnea
534 1343 575 1392 esi
600 1345 629 1391 ut
656 1351 707 1390 uos
735 1349 769 1388 eo
795 1330 947 1387 studiosius
998 1335 1090 1398 inerti,
1117 1335 1231 1392 utalter
1252 1335 1332 1391 alteri
1355 1337 1494 1391 eominus
1516 1336 1661 1392 videretur
1684 1336 1811 1400 inertior,

139 1425 220 1482 laude
241 1443 440 1498 prosequamur
455 1428 601 1493 immensa,
616 1425 706 1497 quein
721 1441 754 1479 ca
767 1424 840 1478 salus
855 1428 948 1477 nestra
998 1443 1053 1500 quo
1077 1427 1111 1482 ad
1132 1429 1298 1485 currendam
1315 1429 1387 1484 viam
1417 1429 1591 1485 alternitate
1611 1428 1726 1487 volebat
1753 1446 1813 1486 esso

138 1517 256 1588 quedam
277 1518 421 1574 videbatur
441 1534 501 1573 esse
519 1533 667 1588 suspensa.
686 1518 746 1572 tter
760 1516 833 1571 enirn
850 1513 949 1569 estilla
999 1517 1137 1573 solertior.
1166 1517 1242 1572 Sicut
1257 1519 1330 1573 enim
1356 1517 1511 1574 contristari
1543 1525 1688 1590 emperant
1714 1518 1811 1584 ludaei,

138 1621 213 1668 crux,
239 1623 301 1677 quat
316 1607 366 1660 sub
389 1606 502 1662 iudaice
526 1607 635 1661 ‹letonla
659 1606 705 1660 iliu
727 1604 893 1676 captivitate,
915 1596 949 1656 ab
1000 1608 1064 1663 dum
1080 1609 1108 1662 in
1127 1608 1203 1682 ligno
1222 1609 1364 1665 [lominica
1382 1609 1512 1664 viderunt
1531 1609 1648 1682 gloriam
1671 1607 1742 1678 llei;
1779 1610 1812 1664 ita

140 1693 240 1747 llelcna
261 1693 356 1768 regina
371 1695 452 1749 bodie
468 1695 600 1766 probatur
613 1695 737 1757 int'enia3
750 1699 779 1747 ut
790 1699 817 1746 ct
831 1706 882 1746 uos
895 1691 948 1745 hee
960 1665 985 1734 Β
997 1701 1166 1758 christianus
1189 1703 1300 1778 gavisus
1314 1710 1355 1758 est
1370 1702 1500 1775 populus,
1528 1702 1641 1775 quando
1657 1702 1734 1759 idem
1752 1719 1812 1759 eoe·

135 1783 267 1859 'intemplo
287 1783 456 1849 cotrrmeniti,
482 1783 509 1837 in
531 1783 605 1838 illius
619 1783 706 1839 lernae
725 1782 887 1837 studeamus
901 1779 946 1832 in·
997 1793 1074 1850 legiis
1087 1794 1209 1866 mysierii
1232 1795 1309 1850 ipsus
1328 1801 1371 1850 esi
1399 1795 1513 1851 pompus,
1537 1795 1578 1849 [bi
1602 1795 1702 1865 procui
1723 1794 1808 1850 dubio

141 1870 240 1924 illisi·
271 1871 332 1926 *¹¹1¹*ss
352 1881 393 1926 0⁵²
415 1872 460 1926 iila
480 1889 556 1939 elul,
573 1872 599 1927 i¹¹
617 1871 725 1943 qnaboi
746 1871 829 1925 filius
844 1868 945 1924 mlii·
997 1883 1101 1938 alacres
1119 1881 1279 1949 aellebiles,
1304 1883 1341 1938 ibi
1368 1883 1452 1939 lertcs
1465 1885 1568 1957 quique
1587 1900 1751 1940 convenere
1769 1885 1810 1940 uel

140 1964 283 2029 lus,traxit
299 1963 392 2019 omnin
402 1979 494 2019 secute
520 1965 608 2034 (Jodili.
631 1965 688 2035 xil),
705 1964 739 2018 di!
759 1979 813 2036 quo
833 1961 948 2035 allgOiUS
998 1973 1194 2042 debi103,dum
1212 1991 1261 2045 per
1277 1974 1400 2030 diversas
1415 1982 1594 2049 utrarumque
1608 1976 1733 2047 paq-tium
1753 1990 1811 2031 501·-

139 2057 173 2112 ad
187 2057 310 2112 illuriani,
326 2060 388 2126 lec,
403 2058 502 2130 inquil,
514 2061 707 2130 pralioptlt‘tttt,
719 2061 947 2114 Dotltt'ttttstccttm
998 2070 1049 2128 ies,
1072 2063 1213 2118 flebilibus
1234 2062 1346 2118 adunaii
1378 2073 1442 2119 suni
1465 2063 1580 2131 alacres,
1614 2071 1644 2119 ei
1671 2063 1813 2118 debilibus

140 2151 213 2214 llll·
239 2152 268 2218 ¹)-
297 2150 414 2206 ll'aecesl
433 2151 514 2206 eliam
543 2152 589 2206 illa
617 2167 695 2206 saeta
720 2157 747 2205 ct
766 2147 947 2205 celeberrima
998 2156 1091 2215 sortes.
1122 2158 1161 2213 lbi
1182 2157 1264 2212 etiarn
1289 2159 1353 2214 caeci
1374 2166 1402 2213 et
1423 2159 1514 2215 claudi
1535 2159 1636 2233 diuinae
1663 2159 1813 2215 coadunati

139 2254 216 2304 crux,
231 2241 257 2294 5¹¹
269 2257 322 2313 (itta
337 2243 381 2296 litt
398 2242 443 2296 5¹¹ss
460 2243 616 2314 perpendit,
633 2260 695 2315 <11¹ae
709 2242 776 2297 diiii
792 2260 797 2294 ²
814 2244 873 2295 Flu!
888 2240 946 2307 ²112,
997 2254 1061 2302 sunt
1074 2247 1160 2312 laudi,
1171 2264 1203 2302 ac
1222 2247 1245 2302 si
1260 2247 1359 2318 aliquis
1381 2262 1431 2303 ees
1450 2248 1544 2303 uerbis
1560 2228 1615 2303 illis
1639 2248 1815 2324 euangelicis

138 2338 162 2386 tt
176 2335 252 2400 secla
270 2338 309 2388 cst
323 2335 371 2388 ica
388 2335 461 2403 (dext.
478 2335 506 2404 ι),
521 2343 551 2389 ut
566 2335 623 2406 ipse
640 2350 689 2390 nos
705 2349 797 2389 secum
812 2331 846 2386 ad
869 2339 947 2386 mter·
997 2335 1124 2390 incitaret
1139 2336 1213 2401 illuc,
1230 2335 1332 2408 quibus
1351 2336 1453 2392 dictum
1481 2346 1537 2392 est:
1559 2338 1644 2394 eccos
1659 2342 1684 2391 ct
1702 2337 1815 2393 cloades

138 2440 200 2479 nam
221 2426 370 2496 perluceret
390 2427 490 2492 lucem,
510 2427 557 2498 qui
586 2425 728 2498 prenobis
746 2423 947 2498 subircdigna·
994 2427 1119 2479 introduc
1138 2426 1189 2479 bac
1212 2424 1368 2495 (Lae.xtv).
1385 2425 1530 2492 Praeterea,
1559 2424 1606 2480 ubi
1623 2424 1702 2480 surdi
1731 2424 1815 2497 quili-

140 2521 235 2569 tusest
254 2514 355 2580 elates,
372 2515 495 2571 lanceam
509 2524 536 2571 ct
550 2533 671 2572 crucem,
687 2516 747 2570 ttae
761 2514 857 2570 estilla
870 2529 946 2579 crux,
997 2520 1043 2574 bei
1057 2536 1089 2574 ab
1105 2520 1183 2587 muti,
1197 2520 1314 2590 proprisis
1326 2520 1365 2575 ibi
1382 2520 1565 2575 insidiabatur
1576 2520 1671 2585 saluti,
1687 2520 1756 2574 dum
1767 2534 1815 2591 pro

138 2618 210 2675 que,
231 2603 301 2658 sicut
313 2620 396 2660 sacrm
412 2605 560 2676 Scriptura
576 2612 710 2659 testantur
729 2610 910 2669 sacramenta,
931 2617 947 2656 a
998 2608 1085 2681 gratia
1102 2608 1175 2663 illius
1189 2608 1329 2663 advenere
1348 2608 1414 2664 illuc
1434 2609 1538 2675 devoti,
1554 2608 1601 2680 qui
1621 2608 1729 2664 surdos
1750 2608 1816 2665 iecit

138 2692 220 2750 beata
237 2695 444 2771 licleuaregina
460 2697 761 2768 praedicaturintenta,
779 2694 947 2768 evangelicis
998 2700 1134 2757 auiiiieei
1153 2708 1243 2755 mutos
1272 2700 1459 2774 loquifflarc,
1479 2701 1538 2772 un),
1559 2701 1649 2768 Unde,
1677 2701 1814 2774 queniam

137 2786 267 2844 videlicet
285 2788 472 2844 verbisltodie
490 2789 516 2843 in
533 2789 736 2859 cxconptetis,
757 2786 945 2859 quibusdici·
998 2790 1032 2844 ad
1054 2789 1205 2845 uidendum
1234 2789 1324 2845 erucis
1343 2789 1536 2844 sacratissimae
1565 2789 1701 2857 loculum,
1723 2790 1815 2847 clerus

139 2884 197 2933 tur:
220 2881 302 2935 Petite
316 2885 341 2935 ct
359 2883 508 2949 accipietis,
534 2883 646 2950 qwaritc
659 2887 684 2935 et
698 2881 837 2935 inamietis
856 2881 944 2944 (loeti.
998 2878 1121 2950 undique
1135 2886 1196 2949 pest
1211 2877 1326 2944 clerum,
1340 2885 1367 2933 ct
1382 2877 1502 2949 populus
1514 2878 1633 2933 accurrit
1646 2887 1713 2949 post
1730 2894 1817 2952 pepu-

140 2972 204 3032 xvti.
220 2968 285 3030 Sed.
301 2985 383 3038 quam
400 2970 462 3023 lata
482 2969 522 3023 rel
538 2969 631 3023 hilaris
644 2970 742 3024 endem
759 2968 854 3043 regina
863 2967 946 3022 bodie
997 2970 1064 3035 luta,
1080 2969 1245 3024 mirumneu
1261 2976 1314 3036 est,
1330 2969 1353 3024 si
1369 2976 1445 3024 tanta
1465 2968 1614 3024 multitudo
1630 2970 1815 3041 populorum,

140 3059 359 3124 luisseteliectn.
387 3061 499 3132 quando
519 3078 584 3117 crux
605 3062 747 3118 borninica
771 3078 880 3118 sursum
911 3038 1073 3130 dquuasi
1093 3057 1128 3112 dc
1148 3073 1215 3132 gyro
1231 3058 1389 3113 vertebatur
1406 3058 1434 3113 in
1463 3074 1572 3134 gyrum,
1598 3058 1647 3112 ubi
1680 3075 1715 3114 ex
1739 3060 1817 3116 celli-

141 3154 214 3204 tcrra
227 3148 480 3214 villettaturerecta,
498 3149 591 3204 nullus
608 3151 721 3206 etnnine
744 3150 844 3221 peterit
864 3150 946 3215 scire,
997 3149 1075 3203 siene
1090 3148 1231 3204 turbarum
1245 3150 1286 3203 vir
1296 3149 1412 3224 impegit
1427 3150 1572 3205 mulierem
1593 3156 1621 3205 et
1647 3151 1755 3208 mulier
1775 3154 1817 3208 xi·

142 3240 196 3296 nisi
211 3241 257 3311 qui
282 3241 309 3295 in
324 3242 392 3296 libre
405 3242 468 3298 vitae
487 3252 595 3314 septem
611 3243 754 3315 signacula
775 3243 851 3298 solus
873 3243 949 3298 norit
999 3253 1070 3291 tum·
1088 3237 1136 3292 Ubi
1151 3238 1225 3292 enim
1242 3239 1332 3293 clerus
1346 3246 1374 3294 et
1390 3238 1510 3309 populus
1526 3238 1638 3309 agmine
1650 3240 1815 3313 conglobali

141 3333 403 3403 aperireiindeut
427 3335 502 3406 qued
530 3334 603 3389 beno
624 3334 773 3406 inemptum
794 3335 949 3389 estaminia
999 3336 1063 3382 sent
1091 3328 1258 3401 mire,quid
1285 3328 1390 3400 proluit
1412 3329 1435 3383 si
1468 3328 1578 3384 ricinus
1612 3327 1683 3384 inibi
1721 3337 1750 3385 ct
1776 3331 1819 3386 vir

143 3427 215 3483 iterio
227 3427 401 3484 clauderetur
419 3439 446 3484 ct
460 3429 524 3494 linc,
541 3429 654 3502 dignum
682 3430 732 3485 luit
751 3438 781 3487 ut
794 3429 950 3501 pulcherri-
1001 3419 1089 3486 ulmi,
1106 3426 1133 3474 ⁰¹
1144 3434 1212 3475 ⁰⁸⁰¹*
1227 3419 1382 3475 ssd¹¹ae⁵⁰lssi
1395 3422 1466 3489 limi
1484 3419 1601 3475 malim
1616 3437 1680 3476 ⁰⁰¹³
1696 3429 1818 3494 ”mique

142 3535 216 3573 nrum
233 3519 298 3575 illud
313 3520 415 3575 donum
437 3519 632 3590 pulcherrimae
660 3521 778 3590 primurn
795 3519 950 3574 deterretur
1000 3528 1094 3568 cerum
1119 3512 1187 3568 inibi
1206 3514 1300 3570 divine
1316 3513 1596 3586 submissusiheneri,
1613 3521 1642 3569 el
1657 3530 1730 3570 uxor
1744 3517 1815 3581 vire,

142 3608 406 3681 reginae,quate11us
426 3609 520 3683 gratiae
550 3609 671 3664 caelestis
690 3609 850 3666 archisterio
874 3610 949 3680 prior
999 3604 1074 3659 elcir
1101 3604 1237 3658 invideret
1253 3602 1353 3659 uxori?
1373 3604 1422 3659 Pto
1447 3602 1593 3659 salutando
1616 3605 1725 3659 etenim
1751 3605 1812 3660 the·

142 3706 216 3754 essct
235 3698 262 3754 in
278 3698 361 3762 done,
377 3715 438 3770 quae
449 3698 536 3767 major
556 3706 614 3753 crat
634 3697 761 3770 imperio.
998 3694 1072 3749 sauri
1082 3693 1206 3762 ejusdem
1221 3692 1414 3763 pretiosissimi
1429 3692 1520 3750 loculo
1534 3693 1668 3764 strepitus
1683 3691 1771 3747 liebat
1789 3693 1815 3746 in

463 3826 567 3882 wlff
585 3827 617 3880 lx
998 3782 1083 3850 olere,
1106 3781 1238 3838 tumultus
1258 3781 1287 3836 iu
1312 3782 1427 3854 popule,
1449 3783 1514 3837 dum
1534 3796 1585 3853 pro
1601 3781 1706 3837 lestina
1720 3781 1817 3838 uisita-

153 3934 156 3937 ,
327 3936 332 3947 ι
478 3871 487 3946 j
565 3936 570 3946 ι
621 3867 627 3878 ’
735 3934 740 3945 ,
998 3875 1073 3931 tione
1093 3874 1218 3944 eiusdem
1240 3872 1508 3949 superuigerminis,
1535 3879 1563 3927 et
1592 3871 1681 3928 divini
1701 3873 1819 3929 seminis

141 3936 230 4000 ΨΜ
233 3949 247 3986 ⁰
266 3934 331 3988 “W
345 3938 369 3988 (ἐ
383 3935 481 4034 ,ῬΟῙΨὴ
496 3934 585 4034 SM?
604 3938 630 4033 ef
653 3936 795 3986 ‘mmmm
808 3937 946 4003 mptum
995 3963 1081 4018 sudor
1092 3962 1184 4033 erupit
1196 3961 1224 4016 in
1237 3962 1314 4029 viris,
1330 3961 1421 4033 pudor
1434 3963 1461 4016 in
1476 3960 1597 4016 leminis.
1614 3960 1664 4015 Ubi
1680 3962 1747 4017 licet
1762 3962 1814 4017 bac

362 4028 399 4076 ⁶²²
410 4023 491 4077 mm
505 4038 594 4076 (ΨΜ
609 4023 722 4088 'mmm'
996 4060 1023 4110 et
1037 4053 1099 4109 illac
1115 4054 1236 4125 populus
1254 4053 1397 4108 videretur
1412 4060 1483 4108 stare
1497 4069 1546 4125 pre
1563 4070 1653 4120 muro,
1666 4054 1762 4110 adbuc
1776 4064 1816 4110 ta·

177 4150 289 4206 interim
305 4158 408 4220 autern,
424 4152 489 4207 dum
515 4151 697 4223 persalutare
721 4151 878 4222 mysterium
902 4169 946 4207 re·
996 4165 1058 4203 men
1083 4157 1160 4219 peter
1183 4148 1302 4204 accurrit
1325 4164 1387 4204 cum
1412 4148 1480 4217 filio,
1504 4159 1591 4204 mater
1620 4166 1685 4205 cum
1707 4166 1814 4222 puero:

140 4246 373 4314 spcaitllemiaas
390 4260 471 4314 seper
491 4245 561 4314 filies
590 4244 724 4299 bantinum
744 4245 828 4315 (Psoi.
851 4245 947 4315 xxxix),
997 4242 1174 4315 quibuslicet
1203 4241 1293 4297 inians
1319 4243 1433 4318 ragiens
1451 4243 1525 4298 demi
1541 4245 1746 4299 seruareturin
1765 4261 1814 4299 cu·

140 4333 228 4388 turbae
241 4333 466 4388 concurrentium
488 4333 653 4404 populorum
670 4332 697 4386 in
714 4332 823 4403 hymnis
842 4341 869 4387 et
881 4348 981 4426 con-D
996 4335 1049 4402 nis,
1066 4335 1100 4388 ab
1117 4334 1214 4389 eadem
1231 4342 1322 4389 tamea
1345 4334 1441 4390 laetitia
1454 4335 1546 4390 nullus
1561 4350 1658 4391 eorum
1678 4351 1742 4391 esse
1765 4353 1815 4393 xe-

141 4424 309 4482 lcssieaibus
331 4426 537 4482 benedicebant
551 4425 714 4483 Dominum:
736 4425 849 4497 instipcr
862 4427 944 4482 ctiam
994 4430 1067 4486 labat
1087 4430 1229 4485 immunis.
1243 4430 1359 4486 Utcnim
1375 4430 1445 4486 alter
1461 4447 1517 4502 prae
1538 4432 1627 4486 altere
1644 4431 1729 4487 ritalc
1756 4449 1815 4488 cer-

141 4531 190 4585 pro
206 4514 350 4571 salutando
365 4516 489 4584 eiusdem
505 4515 633 4570 salutaris
644 4514 740 4590 gratiae
761 4514 863 4580 leculo,
878 4532 947 4572 cen·
993 4529 1072 4577 neret
1088 4522 1259 4593 rxxysterinm,
1277 4522 1348 4577 alter
1366 4521 1480 4578 alterius
1507 4524 1591 4594 caepit
1612 4523 1755 4594 impedire
1771 4525 1817 4583 da·

142 4603 217 4660 tinue
241 4604 312 4660 lacta
335 4611 377 4660 esi
397 4605 491 4660 laeiilifl
510 4620 610 4678 magna
639 4603 667 4658 in
695 4604 807 4675 p0bul0·
831 4603 946 4661 Exclusa
992 4613 1230 4686 siderium3quia,
1257 4613 1329 4668 sicut
1350 4613 1377 4668 in
1404 4615 1543 4686 exsequiis
1568 4616 1716 4670 abacorum
1745 4616 1815 4672 alter

140 4691 339 4763 enimentiqua
351 4693 510 4750 Judaeerum
531 4692 657 4764 perfidia,
678 4693 810 4764 spiritalis
826 4693 864 4748 ibi
878 4708 942 4748 can·
995 4717 1043 4774 pio
1058 4704 1144 4758 aiteio
1160 4703 1203 4773 pii
1219 4701 1367 4757 deivoiionb
1389 4703 1516 4777 jungiiui
1539 4702 1573 4757 ad
1604 4702 1751 4770 feretrum,
1774 4705 1813 4760 sie

140 4780 186 4835 sici
213 4781 318 4837 cimai&
336 4782 449 4856 ellim,
469 4793 629 4854 tympanum
649 4782 831 4839 f⁰⁵0¹¹³li¹²¹⁰
852 4783 942 4849 tibia;
994 4797 1027 4852 ad
1048 4797 1170 4852 divinum
1198 4796 1265 4852 illud
1286 4796 1451 4869 obsequium
1480 4797 1549 4853 alter
1569 4796 1688 4853 alterurn
1706 4799 1815 4855 studuit

141 4876 271 4946 queniam
287 4882 316 4931 et
331 4876 433 4932 nullius
449 4876 628 4949 professionis
647 4883 693 4931 aut
721 4877 945 4950 aetatiseongrua
995 4885 1145 4957 prbi-enine
1167 4901 1217 4956 per
1242 4886 1415 4940 alterutrum.
1445 4885 1486 4940 lbi
1515 4886 1622 4957 quippe
1647 4887 1814 4944 alteralteri

141 4967 177 5022 ibi
192 4969 303 5025 deesset
322 4985 449 5041 Ρθΐῦθῐῐὸ,
465 4970 530 5026 illut
545 4970 652 5025 Vicinus
666 4977 693 5024 ⁰¹
709 4971 946 5045 iss⁰01³xilitegti·
996 4979 1104 5052 longara
1122 4979 1224 5035 lecerat
1240 4994 1355 5047 meram,
1377 4980 1441 5035 dum
1458 4980 1491 5035 ab
1509 4981 1560 5035 bac
1575 4981 1665 5056 qratia
1685 4982 1812 5039 videnda

140 5075 192 5117 nus
218 5061 337 5117 accurrit
359 5071 387 5117 et
405 5061 528 5118 advena:
555 5070 584 5118 ut
610 5062 680 5119 sicut
698 5063 792 5119 nullus
813 5080 908 5120 eorum
928 5082 944 5120 a
994 5067 1063 5123 alter
1077 5068 1194 5123 alterum
1211 5068 1245 5122 ab
1262 5069 1329 5123 liora
1343 5069 1492 5125 collibebat
1507 5069 1534 5124 in
1552 5070 1666 5130 berani:
1688 5071 1769 5143 quia,
1783 5073 1815 5127 li·

140 5150 221 5221 culpa
232 5148 379 5206 ridebatur
390 5151 530 5215 intraneis,
547 5151 587 5206 sic
603 5151 701 5206 eadem
716 5153 802 5225 gratia
821 5154 945 5226 singula·
993 5159 1080 5214 cetad
1098 5160 1151 5214 boc
1164 5160 1353 5231 spectaculum
1369 5168 1547 5216 coneurreret
1567 5160 1661 5216 extritis
1680 5178 1771 5218 sexus
1788 5171 1816 5219 ct

140 5237 177 5292 ris
189 5238 654 5310 omnibuspessitcssecemmnnis.
672 5241 794 5306 Quantus
823 5242 947 5299 ubicen-
996 5253 1072 5316 aetas,
1086 5248 1160 5304 soliti
1176 5255 1269 5303 tamen
1283 5248 1409 5304 incessus
1427 5249 1546 5321 quilibet
1566 5249 1678 5305 illerum
1693 5252 1815 5309 excessit

139 5332 323 5383 cursusesset
336 5327 495 5403 gentiumet
508 5329 672 5400 populorum
684 5328 787 5398 laetitia,
804 5331 947 5404 percipere
997 5350 1093 5398 metas,
1123 5343 1201 5398 [inde
1227 5349 1360 5414 quantum
1381 5342 1508 5399 miinoris
1530 5344 1692 5401 iiabueiuni
1713 5361 1815 5403 omnis

141 5433 196 5474 nen
218 5419 437 5488 petestnuditus
464 5420 584 5487 aurium,
609 5435 661 5475 aec
688 5420 944 5480 xisuseculorurn:
997 5433 1043 5505 qui
1068 5435 1194 5500 aberant,
1224 5435 1262 5488 illi
1284 5434 1461 5491 solummedo
1490 5442 1619 5505 poterant
1647 5436 1734 5505 scire,
1769 5439 1814 5511 qui

141 5514 272 5584 quoniam
297 5518 453 5589 omnesqui
477 5518 602 5582 aderaut,
625 5523 728 5573 tantum
749 5519 945 5596 ibigandium,
998 5525 1126 5581 aderaut:
1151 5526 1267 5581 maxime
1296 5542 1358 5581 cunr
1387 5543 1421 5582 eu
1449 5527 1546 5596 majori
1575 5527 1688 5583 tristitia
1709 5530 1751 5585 illi
1773 5531 1816 5585 ab·

64 5607 67 5611 ’
140 5610 300 5674 tantumque
329 5607 448 5666 imbuere
465 5608 627 5682 tripudium,
654 5618 683 5665 ut
702 5613 945 5683 proptervidcndi
998 5617 1190 5689 sorberemur,
1225 5617 1273 5690 qai
1307 5619 1434 5686 aberant,
1465 5634 1520 5691 que
1552 5620 1682 5691 ampliori
1718 5623 1813 5679 laetitia
