3720 6014
87 108 139 163 ’189
688 110 761 167 VITA
782 110 910 168 atheus
931 113 947 167 S
979 110 1152 167 tlhosnut.
1696 111 1750 168 ’190

87 229 250 287 humilitatis
268 228 368 286 virtute
387 229 455 286 dura
470 238 498 288 et
519 231 601 288 lortia
615 233 780 302 demoliens,
797 241 828 290 nt
842 251 893 307 po-
906 245 930 310 Α
943 234 1144 291 Faramundum
1169 234 1203 289 ad
1219 234 1407 306 episcopatum
1427 234 1635 305 Trajectensem
1658 244 1755 292 contra

86 319 233 376 limitarius
252 320 342 391 (1025)
356 321 438 376 variis
451 322 598 379 virtutibus
613 333 640 380 et
655 325 715 395 ipse
727 331 851 393 ornatus,
868 318 902 381 et'
941 329 1028 399 juset
1042 328 1083 384 las
1098 346 1195 402 passus
1210 340 1251 387 cst
1265 330 1421 402 promoveri
1436 330 1538 400 (1010).

87 415 156 470 alios
171 429 285 482 ornans,
302 414 337 469 ad
356 420 412 471 tres
425 416 529 487 primos
548 417 679 473 virtutum
700 418 803 493 gradus
831 435 895 490 per·
981 416 1023 472 ts.
1037 417 1194 494 lliserergo
1211 418 1410 485 l'aramnudus,
1428 417 1492 490 quia
1508 417 1576 473 abiit
1587 417 1616 472 ln
1635 417 1755 476 concilio

88 502 184 574 paucis
198 519 315 559 ascensu
339 502 435 560 faciles
450 505 586 576 pervenit,
601 506 737 577 sapientia
766 508 895 564 thronum
945 510 1079 582 ipsorum,
1096 512 1123 567 in
1138 513 1270 568 cathedra
1290 512 1457 584 pestilentiae
1472 511 1555 578 sedit,
1569 511 1605 567 de
1617 526 1672 584 quo
1688 512 1755 584 quid

88 591 217 648 Ecclesiae
239 592 406 668 gubernans,
440 593 592 650 hnmilitate
616 595 733 669 vestigia
759 597 896 670 sequendi
947 602 1022 658 aliud
1038 604 1226 675 poteratdici,
1245 621 1327 677 quam
1343 603 1417 676 quod
1436 604 1542 659 Veritas
1561 603 1643 660 dicit:
1665 624 1679 654 a
1705 603 1755 669 Qui

88 684 225 741 Christum
251 684 431 759 praesignans,
455 685 619 744 tortitudine
645 687 826 745 adversitates
841 690 897 747 ileo
947 710 1003 752 non
1019 697 1103 752 intrat
1117 713 1167 768 per
1185 696 1286 752 ostium
1302 697 1330 752 in
1346 696 1419 752 ovile
1427 695 1531 763 ovium,
1557 695 1607 752 sed
1631 695 1758 752 ascendit

88 775 242 831 debellans.
260 775 362 832 ilorum
382 778 488 834 meritis
501 778 549 834 diu
563 780 740 852 tranquillata
751 791 794 838 est
804 782 897 838 Eccle·
947 787 1069 855 aliunde,
1091 787 1138 844 ille
1152 788 1197 844 sur
1215 795 1298 844 estet
1315 788 1400 844 latro:
1424 787 1472 859 qui
1490 792 1581 842 autem
1601 787 1687 843 intrat
1708 802 1758 859 per

88 869 130 923 sia
148 868 207 932 bei,
223 868 326 941 diuque
345 876 433 928 status
455 872 533 946 regui
556 881 734 945 prosperatus
745 881 797 931 est.
818 875 898 931 Post·
947 876 1060 943 ostium,
1082 884 1174 947 pastor
1195 883 1238 932 est
1263 877 1365 932 ovium.
1387 877 1439 933 i'ur
1465 893 1520 934 non
1534 877 1622 945 venit,
1643 877 1698 932 nisi
1727 883 1758 933 ut

90 958 200 1013 modum
213 968 328 1030 propter
340 961 436 1032 populi
452 969 593 1035 torporem
616 964 772 1021 dormiente
790 965 857 1021 Jcsu
870 965 898 1020 iu
949 967 1054 1025 iuretur
1079 976 1106 1024 et
1125 974 1238 1035 mactet,
1258 976 1287 1024 et
1312 968 1420 1040 perdat.
1446 992 1458 1016 n
1478 970 1639 1026 lantbertus
1665 975 1759 1040 pastor

90 1049 151 1104 uavi
165 1056 267 1106 sanetae
286 1051 426 1120 Ecclesiae,
440 1069 506 1109 ecce
521 1062 612 1111 motus
625 1072 742 1132 magnus
755 1055 843 1112 lactus
857 1063 900 1112 est
950 1062 1051 1129 bonus,
1072 1061 1199 1133 exemplo
1215 1060 1333 1117 Pastoris
1342 1061 1528 1118 essentialiter
1548 1061 1627 1130 boni,
1648 1071 1759 1133 paratus

90 1137 118 1192 in
132 1139 199 1193 mari
214 1139 297 1212 hujus
309 1141 417 1199 mundi.
433 1142 523 1199 Facile
538 1150 580 1200 est
595 1160 705 1200 causam
726 1145 794 1200 tanti
809 1151 900 1202 motus
950 1153 1016 1208 dare
1029 1154 1148 1210 animam
1164 1169 1241 1208 suam
1256 1169 1306 1224 pro
1331 1153 1430 1209 ovibus
1448 1155 1516 1222 suis,
1532 1168 1588 1209 non
1610 1161 1641 1209 ut
1652 1169 1760 1209 merce·

90 1226 225 1284 ediscere.
744 1251 747 1257 ’
950 1243 1045 1298 narius
1061 1241 1140 1318 fugit,
1158 1242 1208 1298 sed
1224 1242 1374 1300 declinavit
1392 1244 1578 1316 procellosum
1598 1245 1758 1301 domesticae

124 1324 168 1378 17.
189 1324 377 1381 Theodericus
399 1332 425 1382 et
457 1327 595 1384 llildricns
613 1329 710 1385 iratres
737 1329 899 1401 bipartitum
951 1334 1152 1407 persecutionis
1167 1335 1352 1408 naufragium,
1369 1342 1397 1391 et
1411 1337 1563 1392 clementer
1576 1336 1668 1393 tereus
1687 1353 1758 1393 ouu-

88 1419 211 1475 Frauoiae
239 1436 355 1496 reguum
379 1424 526 1498 regebaut3
546 1426 597 1481 sed
621 1426 687 1497 quia
708 1426 896 1483 Theodericus
944 1432 998 1494 cta,
1013 1426 1177 1499 praesulatus
1190 1427 1270 1500 liquit
1283 1433 1433 1499 sceptrum,
1450 1428 1649 1484 commendans
1660 1445 1755 1484 curam

88 1508 242 1564 hebetioris
256 1510 361 1586 ingenii
376 1522 445 1582 erat,
462 1514 598 1572 Ebroiuus
612 1516 700 1589 major
714 1518 814 1574 domus
827 1518 897 1574 sim·
909 1523 1040 1633 Bovium
1057 1523 1093 1592 ei,
1109 1523 1233 1595 quilavit
1247 1524 1414 1595 baptismate
1429 1540 1460 1580 ac
1476 1523 1596 1580 redemit
1609 1524 1758 1600 sanguine,

89 1600 211 1671 plicitate
225 1602 285 1671 ejus
300 1604 413 1674 abusus,
436 1608 586 1665 commovit
599 1609 627 1664 in
651 1625 744 1684 regern
759 1611 825 1667 odia
850 1617 897 1669 to·
947 1613 1069 1670 ilabebat
1093 1629 1159 1669 sane
1173 1614 1215 1670 vir
1234 1613 1343 1685 patiens
1367 1612 1457 1669 exsilii
1484 1613 1527 1668 sui
1549 1613 1649 1670 ducem
1671 1614 1757 1670 [levid

89 1695 145 1749 tius
157 1696 263 1767 populi.
279 1696 374 1753 Franci
389 1699 464 1756 enim
479 1701 598 1758 alienam
612 1702 746 1760 invidiam
765 1705 795 1760 iu
809 1704 899 1762 Theo-
948 1725 1053 1782 regem,
1068 1709 1115 1780 qui
1134 1709 1266 1766 instinctu
1282 1708 1330 1765 filii
1346 1709 1389 1764 sui
1409 1709 1529 1766 tlbsalon
1544 1709 1602 1766 suis
1617 1715 1714 1766 contra
1728 1725 1760 1766 se

88 1788 211 1844 doricum
227 1796 428 1864 retorquentes,
456 1795 590 1865 dejiciunt
605 1813 666 1854 eum
682 1815 781 1875 regno,
797 1806 825 1856 ot
839 1799 898 1857 ira·
949 1797 1184 1870 conspirantibus,
1207 1798 1358 1869 assumpsit
1380 1804 1487 1854 scutum
1509 1798 1665 1870 patientia,
1686 1805 1713 1855 et
1725 1813 1760 1854 ne

89 1889 157 1937 trem
169 1883 229 1952 ejus
244 1883 394 1942 llildricum
406 1903 440 1943 ex
464 1890 573 1945 dustria
587 1891 744 1960 invitantes,
767 1909 830 1949 eum
844 1894 899 1950 sibi
951 1897 1025 1947 esset
1038 1906 1121 1946 causa
1143 1890 1230 1946 rnioae
1250 1890 1278 1945 in
1295 1890 1390 1958 lsrael,
1408 1889 1479 1946 llens
1506 1899 1604 1963 operto
1619 1890 1711 1963 capite
1731 1895 1761 1947 et

91 1989 184 2048 regem
207 1976 374 2046 praeficiunt:
399 1997 471 2054 quos
490 1982 614 2054 quandiu
640 1985 735 2040 habuit
764 1985 901 2044 llildricns
952 1979 1035 2036 nudis
1052 1977 1761 2054 (10010010ιεί1,ὓθῡῦᾶΰῦἃῐῑιιῦθῑῑῑῑέδΰῶὒθιΰ·

91 2065 232 2122 moderate
253 2067 356 2140 (1006),
390 2063 518 2143 potenter
545 2073 654 2146 utrique
673 2090 760 2150 regno
780 2075 899 2147 praeluit.
952 2071 1074 2126 mittens·

94 2153 142 2208 ttbi
156 2162 184 2211 ot
199 2156 258 2228 ipse
274 2160 388 2216 modurn
403 2164 530 2231 excessit,
552 2164 717 2220 insolentius
732 2182 829 2239 agens,
852 2166 901 2224 diu
986 2164 1030 2220 30.
1048 2165 1183 2237 [inpetens
1197 2178 1263 2239 ergo
1278 2163 1425 2219 stabulaus
1439 2163 1636 2220 monasterium
1652 2181 1668 2219 a
1683 2164 1761 2240 Sige-

93 2256 189 2303 eontra
204 2252 478 2309 torrentembrachia
497 2256 614 2311 tendere
639 2271 695 2312 uon
711 2258 803 2329 potuit
833 2242 900 2314 llam
952 2260 1030 2315 berto
1042 2275 1107 2332 rege
1126 2257 1270 2313 fundatum
1282 2263 1347 2312 unte
1366 2256 1471 2329 aliquot
1486 2273 1582 2327 annos,
1607 2264 1634 2313 et
1653 2255 1761 2314 fervore

92 2342 157 2413 quia
170 2346 292 2402 severior
303 2347 379 2417 justo
401 2349 547 2421 quemdam
574 2350 699 2406 nobilem
722 2351 900 2421 Francorum,
952 2356 1053 2404 sanctae
1088 2347 1230 2422 religionis
1251 2346 1357 2418 ubique
1390 2346 1573 2415 nominatum,
1600 2349 1776 2405 monasticae·

93 2433 206 2490 nornine
223 2436 394 2507 bodilonem,
413 2447 509 2496 contra
530 2442 621 2515 legem
641 2441 710 2497 caedi
730 2441 795 2498 lecit
808 2443 843 2498 ad
856 2444 903 2499 sti·
953 2441 1056 2519 qnietis
1071 2445 1180 2511 portum
1195 2438 1288 2513 elegit,
1303 2437 1398 2510 ibique
1418 2453 1468 2509 per
1485 2447 1591 2508 septem
1611 2453 1699 2494 annos
1713 2454 1762 2495 an·

93 2524 177 2596 pitem
200 2525 325 2602 ligatum,
341 2530 375 2585 ab
397 2532 496 2587 eodem
511 2532 643 2590 bodilone
658 2533 687 2589 iu
701 2534 828 2591 venando
855 2551 902 2591 er·
953 2530 1070 2605 galleam
1086 2531 1192 2586 docens
1206 2529 1300 2597 vium,
1318 2528 1451 2584 habitavit
1463 2543 1572 2584 seeum.
1590 2527 1622 2582 lt
1637 2544 1670 2583 ex
1684 2527 1760 2583 omni

93 2626 189 2689 ceptus
204 2619 297 2690 periit.
327 2620 515 2679 Theodericus
541 2617 631 2678 totum
650 2639 765 2698 regnum
785 2624 901 2696 recipite
952 2622 1147 2679 ecclesiasticae
1159 2619 1270 2676 familiae
1284 2635 1398 2677 numero
1411 2620 1467 2675 duo
1482 2625 1587 2674 tanturn
1602 2619 1682 2690 pueri
1700 2617 1761 2688 ejus

92 2709 261 2767 recrudescit
274 2712 377 2793 malitia
393 2713 516 2780 Ebroini,
533 2730 712 2788 quoscunque
727 2718 903 2789 comperiunt
952 2712 1087 2784 obsequio
1106 2712 1290 2779 adhaeserunt,
1307 2725 1424 2783 quorum
1445 2709 1628 2765 Theodoenus
1646 2708 1760 2765 nomino

93 2796 193 2854 lavisse
221 2800 389 2870 pertinacius
415 2803 539 2874 partibus
564 2803 686 2872 llildrici,
703 2805 754 2861 hos
775 2821 902 2877 pessum·
953 2805 1003 2870 illi,
1022 2805 1068 2878 qui
1098 2805 1204 2878 primus
1218 2803 1328 2875 scripsit
1347 2803 1436 2858 Vitam
1462 2802 1549 2857 sancti
1569 2801 1631 2865 viri,
1660 2802 1762 2858 relator

94 2886 169 2952 dant,
200 2889 345 2959 trucidant,
377 2891 487 2963 privant
514 2893 679 2962 honoribus,
702 2895 822 2952 multant
841 2912 904 2967 pro·
954 2912 1037 2951 verax
1061 2901 1089 2950 et
1116 2894 1195 2952 testis
1220 2892 1338 2949 idoneus
1362 2908 1477 2965 operum
1503 2893 1563 2962 ejus
1586 2890 1760 2963 tenpuech

94 2976 255 3048 scriptione,
271 2981 394 3053 relegant
408 2981 523 3039 exsiliis.
919 2967 1023 3041 Cerea
1043 2984 1178 3040 habemus
1191 2984 1280 3038 virum
1303 2982 1338 3038 ad
1365 2981 1505 3054 exemplar
1523 2981 1653 3038 virtutum
1672 2980 1762 3036 omni·

128 3070 171 3125 18.
187 3073 255 3138 Quia
271 3074 391 3131 llildrieo
414 3076 506 3132 nullus
521 3076 631 3134 iidelior
652 3078 697 3134 vel
712 3078 827 3136 amicior
840 3077 902 3147 luit,
953 3074 1005 3131 bus
1031 3074 1217 3147 propositum,
1246 3074 1294 3145 qui
1314 3072 1416 3139 sciens,
1436 3071 1503 3144 quid
1528 3072 1618 3127 solum
1636 3086 1761 3127 summus

93 3181 175 3236 quam
192 3166 365 3236 hartbertus,
382 3174 468 3224 totum
491 3169 601 3240 pondus
616 3169 804 3227 tribulationis
820 3186 904 3242 super
952 3165 1106 3240 blagisteru
1121 3181 1152 3220 se
1165 3164 1272 3219 discere
1287 3162 1439 3229 mandarat,
1450 3162 1478 3216 in
1495 3161 1760 3230 humilitatecordis,

92 3272 155 3312 eum
176 3258 311 3314 incubuit.
337 3259 489 3316 Videbatur
511 3261 585 3316 euim
611 3261 680 3316 nihil
697 3268 786 3318 actum
817 3261 903 3318 luisse
953 3261 981 3310 el
1004 3269 1032 3308 111
1048 3253 1181 3324 patientia
1193 3268 1243 3307 sua
1258 3250 1400 3324 querebat
1422 3249 1546 3322 requiem
1575 3250 1758 3305 animaesuae.

93 3352 180 3401 morte
190 3347 312 3412 llildrici,
327 3348 349 3402 si
370 3348 483 3403 intimus
499 3349 610 3404 llildrici
623 3349 790 3405 lantbertus
805 3349 900 3420 impu·
953 3345 984 3400 lu
1003 3342 1161 3400 obedientia
1181 3357 1247 3399 vero
1260 3358 1291 3397 se
1307 3340 1445 3397 coheredi
1458 3355 1508 3396 suo
1524 3339 1629 3395 Christo
1648 3339 1780 3395 consor--

92 3440 167 3495 nitus
178 3440 277 3508 abiret,
293 3441 328 3497 de
343 3458 397 3514 quo
409 3448 513 3498 certum
528 3443 669 3511 tenebant,
683 3445 749 3517 quia
760 3460 901 3516 nunquam
953 3437 1056 3500 mahat,
1073 3436 1120 3509 qui
1135 3435 1257 3492 006οἰιί1
1273 3434 1343 3489 Patri
1370 3448 1460 3505 08000
1478 3433 1514 3487 ad
1533 3437 1658 3488 mortem.
1676 3431 1761 3497 Quale

94 3533 204 3588 lectioni
220 3533 375 3605 iniquitatis
400 3551 457 3591 suae
471 3542 661 3592 assentiretur.
688 3536 755 3593 ideo
784 3536 903 3593 consilio
954 3541 1031 3601 logo,
1046 3532 1104 3582 0110
1116 3525 1211 3580 Videte
1226 3523 1314 3579 Visum
1328 3522 1452 3578 110οῑ1010
1466 3529 1542 3590 natu·
1560 3520 1759 3577 ⁰⁰¹¹¹i¹¹³bi¹effl

93 3623 235 3678 Ebroinia
262 3640 327 3697 rege
347 3624 519 3680 Theoderico
539 3630 689 3681 convocata
708 3625 743 3681 ad
763 3626 900 3697 synodum
953 3618 1109 3686 sanctitate,
1130 3617 1276 3688 1008010ῐο
1297 3614 1401 3683 000ῑο»
1416 3614 1498 3670 iebus
1521 3612 1760 3685 01000019οῑ9)οι

93 3713 387 3784 episcoporumturba‚
408 3714 456 3787 qni
467 3715 547 3788 quasi
562 3730 647 3771 canes
669 3715 738 3771 muti
754 3730 810 3771 non
825 3715 903 3772 vale·
952 3713 981 3768 iu
998 3712 1105 3769 tantillo
1121 3710 1254 3782 temporis
1267 3715 1395 3785 agentem
1415 3709 1472 3778 jnnr
1488 3707 1633 3780 probatum
1659 3723 1759 3763 mona·

94 3805 161 3860 bant
188 3805 278 3877 (toth
302 3805 400 3861 latrare
424 3814 520 3863 eontra
549 3807 677 3862 falsitatis
699 3806 899 3875 testimonium,
951 3807 1044 3872 chum,
1060 3805 1134 3878 quod
1148 3803 1193 3859 vix
1205 3802 1325 3875 quilibet
1346 3801 1416 3858 alter
1441 3806 1536 3873 posset
1549 3799 1660 3872 assequi
1674 3800 1760 3858 multe

93 3896 162 3953 alios
175 3896 322 3969 episcopos
337 3897 512 3968 exordinant,
528 3899 598 3955 alios
609 3899 751 3974 geminata
766 3899 902 3969 injustitia
952 3914 1087 3955 annorum
1100 3897 1253 3969 quantitate
1268 3895 1283 3950 ι

92 3985 232 4042 ordinant.
250 3988 281 4042 Et
295 4004 329 4043 ne
343 3988 407 4060 quis
427 3988 456 4043 in
469 4003 556 4065 regno
577 3989 623 4045 vel
636 3989 759 4045 Ecclesia
774 3995 900 4056 restaret,
986 3991 1030 4047 21.
1052 3991 1090 4046 ile
1109 4006 1175 4046 vera
1194 4005 1249 4046 uon
1262 4004 1326 4045 eum
1343 3988 1405 4059 plus
1420 3988 1506 4045 nimio
1528 4004 1571 4044 ros
1585 3987 1759 4045 delectavere

92 4078 205 4151 qnipro
229 4080 353 4136 veritatis
373 4080 536 4137 defensione
556 4080 685 4153 elypeum
704 4081 902 4137 hdeiauderet
951 4086 1091 4153 secundae,
1116 4091 1198 4158 quem
1218 4091 1331 4140 mutata
1363 4099 1419 4141 non
1441 4088 1653 4156 quassaverunt:
1686 4099 1758 4139 nun·

92 4171 198 4245 erigere
222 4173 349 4243 exemplo
372 4173 416 4228 vol
445 4172 576 4228 instinctu
606 4173 758 4241 lantberti,
780 4174 827 4245 qui
844 4189 900 4244 prae
951 4174 1346 4249 quamanimamittitursiue
1365 4171 1562 4243 dolore,quod
1584 4187 1758 4228 cumamoro

92 4263 201 4320 caeteris
215 4271 243 4318 et
266 4280 315 4335 pro
336 4265 444 4320 caeteris
462 4265 577 4320 liberius
598 4264 741 4334 iniustitiae
764 4265 904 4321 adversari
916 4257 1119 4341 Dpossidetur.
1137 4267 1188 4331 Qui
1198 4265 1284 4337 cupit,
1300 4263 1346 4319 ille
1366 4264 1449 4319 etiarn
1472 4263 1584 4318 metuit:
1599 4263 1645 4334 qui
1661 4263 1760 4318 metuit

92 4356 223 4424 audebat,
253 4372 350 4412 omnes
370 4357 491 4413 -diaboli
515 4356 668 4428 complices
702 4357 849 4432 insurgunt
872 4358 902 4413 in
952 4377 1094 4434 nunquam
1110 4357 1367 4413 libernelsecurus
1393 4354 1458 4409 vivit
1475 4353 1576 4425 (1031).
1593 4353 1758 4410 lantbertus

93 4447 281 4514 lantbertum,
297 4449 420 4505 veritatis
446 4449 575 4515 amicum,
591 4454 620 4505 et
643 4449 816 4506 concinnatis
832 4450 902 4520 inju·
952 4456 1046 4505 noster
1058 4446 1127 4503 nihil
1142 4445 1237 4500 mundi
1248 4443 1336 4499 doluit
1350 4443 1480 4514 perdere,
1491 4442 1556 4514 quia
1572 4441 1756 4498 nihilconou-

93 4537 173 4593 stitiae
195 4539 297 4606 causis,
321 4554 383 4594 eum
398 4538 433 4593 ab
453 4539 614 4611 episcopatu
636 4538 780 4610 deponunt
798 4537 897 4609 (1028).
951 4541 1033 4612 pivit;
1045 4556 1077 4595 ac
1092 4538 1323 4610 perbocsemper
1334 4548 1449 4590 securus
1462 4534 1505 4589 sni
1521 4533 1583 4599 luit,
1596 4540 1625 4590 et
1642 4532 1714 4589 liber
1728 4534 1757 4589 in

95 4630 189 4685 Fertur
204 4629 376 4687 Coloniensis
397 4631 546 4703 episcopus
558 4630 732 4702 conspirasse
756 4630 900 4701 huicpra·
950 4630 1067 4686 Christo.
1095 4629 1206 4682 dmotus
1233 4625 1267 4680 ab
1299 4624 1461 4696 episcopatu
1493 4638 1543 4694 per
1569 4623 1755 4693 injustitiam,

92 4738 189 4780 vorum
215 4722 344 4789 lactioni;
373 4723 419 4795 qui
436 4723 519 4779 etiarn
547 4722 679 4779 clericum
694 4720 818 4778 eeclesiae
841 4738 898 4778 suae
950 4721 1061 4795 quando
1078 4718 1261 4790 expostulavit
1273 4717 1308 4772 de
1329 4716 1448 4788 irrogata
1466 4714 1520 4771 sibi
1536 4714 1657 4785 injuriat
1672 4717 1757 4781 Quam

130 4919 219 4989 (1035)
234 4917 544 4990 Videturpatriarcbam
559 4916 661 4988 loseph
682 4916 841 4990 designare,
867 4916 903 4971 de
954 4917 1101 4970 demnatus
1129 4912 1179 4969 luit
1202 4912 1307 4984 aliquot
1321 4909 1401 4966 annis
1428 4910 1529 4973 serius,
1553 4909 1618 4964 durn
1647 4913 1758 4964 sauctus

94 5005 150 5061 quo
161 4991 189 5045 in
199 4990 297 5046 Genesi
306 5007 366 5062 cap.
379 5006 482 5052 xxxvia,
491 4989 531 5048 vt3
543 4988 657 5063 legitur:
668 4991 791 5059 Fecttque
802 4988 902 5060 (pater)
954 4992 1048 5042 noster
1062 4984 1194 5041 Stabuleti
1204 4986 1260 5056 jam
1276 4983 1423 5049 exsularet,
1454 4981 1576 5037 habitam
1600 4994 1673 5044 esso,
1687 4978 1759 5034 dixi·

92 5064 119 5116 ea'
138 5065 257 5120 tunicum
270 5065 441 5133 potpmttom.
953 5074 1023 5113 mus.

130 5134 221 5203 (1016)
236 5136 310 5190 hanc
322 5150 418 5190 vocem
432 5131 474 5187 sic
487 5130 607 5197 restitui,
621 5145 683 5186 eum
695 5130 723 5184 in
738 5145 790 5185 ms.
808 5135 902 5185 nostro
987 5129 1077 5200 (1029)
1105 5128 1306 5184 Faramundum
1333 5126 1360 5181 in
1389 5124 1480 5205 suncti
1510 5121 1634 5194 episcopi
1663 5118 1758 5177 sedem

91 5212 198 5260 tantum
223 5207 248 5261 le
270 5213 382 5261 eretur:
406 5204 525 5267 modcru,
545 5202 648 5259 omisso
668 5200 771 5257 deinde
794 5199 902 5256 duabus
952 5201 991 5256 ini
1014 5218 1047 5258 ne
1062 5202 1198 5256 intrusum
1215 5199 1309 5265 luisse,
1329 5196 1431 5252 docent
1445 5202 1528 5249 ettam
1551 5192 1758 5250 Godeschalcus

91 5284 138 5331 aut
153 5224 349 5333 tribusdtteris
360 5276 450 5346 spatio
465 5289 563 5330 vacuo.
952 5281 980 5327 et
993 5219 1164 5344 dtephanum
1182 5272 1230 5326 sed
1244 5276 1341 5325 neuter
1356 5283 1453 5348 eorum
1470 5267 1590 5338 aliquem
1605 5265 1756 5348 delenien-

128 5347 217 5419 (then
232 5349 284 5403 Pro
297 5349 423 5402 subdunt
437 5347 465 5400 in
476 5351 607 5402 contextu
618 5343 721 5412 deleto,
737 5343 765 5397 in
777 5343 902 5418 margine
951 5359 1008 5399 sem
1023 5343 1264 5413 archiepiscopum
1281 5342 1341 5411 ejus
1354 5339 1469 5394 sceleris
1479 5354 1555 5393 reum
1567 5337 1641 5393 laert.

92 5418 148 5476 alia
162 5437 246 5476 manu
262 5419 412 5490 ascriptum
425 5419 601 5474 osteolentes.
990 5416 1080 5482 (1030)
1099 5416 1137 5469 lta
1149 5415 1208 5485 ipse
1221 5430 1254 5468 ex
1267 5413 1326 5469 Vita
1340 5411 1428 5482 prima
1439 5425 1514 5467 num.
1534 5409 1561 5466 6.

130 5491 225 5619 (10081)
251 5492 318 5546 itam
371 5489 591 5562 eudospuodum,
616 5488 643 5543 in
662 5502 717 5569 qua
742 5485 768 5541 S.
800 5485 899 5542 leode·
987 5487 1075 5558 (1031)
1090 5487 1120 5541 ln
1130 5485 1255 5560 margine
1275 5501 1325 5540 ms.
1349 5481 1434 5537 nostri
1452 5497 1502 5552 pro
1515 5483 1594 5547 uiuit,
1608 5480 1662 5537 alia
1675 5496 1758 5535 mann

93 5564 187 5636 gorius
228 5568 328 5637 agusto
350 5559 466 5618 uneusis
477 5560 627 5632 episcopus
643 5559 816 5631 iniquissime
830 5573 902 5614 con·
951 5568 1064 5616 notatur
1076 5561 1137 5614 erit.
