3720 6014
373 256 548 314 ciiitoillci.
570 285 606 300 -·
625 259 819 318 luctantum
839 259 983 318 ROBER'H
1002 261 1044 317 uit
1065 258 1187 317 sonte.
1562 259 1615 317 clo

69 393 198 435 uuouou.
280 396 454 438 ruauooauu.
530 399 684 441 lucrosus.
772 391 901 458 Atamen
932 386 993 442 siue
1017 384 1188 441 discrimine.
1220 384 1367 440 submerso
1395 381 1507 438 inmari
1527 381 1615 439 cisle-

69 470 186 537 edabat,
201 470 319 542 quedam
349 473 510 541 retinacula,
525 491 578 547 que
593 477 693 533 torsias
708 493 757 534 vo·
808 473 888 530 berto
898 474 934 528 de
948 473 1104 538 Abrincate,
1123 472 1203 528 culco
1229 472 1336 538 Poinoi,
1363 472 1411 543 qui
1427 470 1547 527 habebat
1559 471 1617 543 pri·

69 562 208 636 rtriginta
231 562 429 631 terentiana,
447 565 552 622 faciens
571 567 611 623 ibi
627 566 756 624 edificare
807 565 973 634 mogenitam
990 581 1113 620 sororem
1131 564 1204 633 ejus,
1224 563 1359 619 successit
1384 564 1421 620 ei.
1436 563 1618 620 vicecomites

69 669 107 711 res
133 653 291 718 hominum,
322 655 370 728 qui
391 657 491 712 torsias
516 665 652 714 tenerent.
683 660 756 725 Quos
807 674 857 729 per
877 656 1014 732 singilium,
1028 656 1076 727 qui
1100 654 1291 712 exactionibus
1306 662 1335 711 ει
1363 655 1467 726 rapinis
1482 655 1616 726 populum

69 743 114 800 icit
132 742 237 799 liberos
267 744 302 799 de
326 746 447 801 exercitu
475 753 502 801 et
527 747 620 802 multis
643 747 753 803 aliisad
806 745 1074 819 aiiiixcraut,arege
1098 745 1220 815 correpti
1246 751 1318 800 suut.
1343 743 1408 799 Post
1436 749 1616 814 pentecosten

69 833 264 890 tertinentibus
277 834 320 889 ⁸⁶¹.
334 834 406 891 0blit
428 837 545 893 Hilarius
560 837 712 894 Cestrensis
725 845 753 895 er
804 848 851 887 rex
870 831 1002 887 liodricus
1018 840 1131 888 evocato
1158 831 1214 887 iriio
1230 847 1282 888 suo
1305 831 1422 888 ilenrico
1438 832 1465 886 iu
1479 830 1615 903 Angiiam,

69 922 213 980 ¹lieliensis
226 924 360 996 episcopi,
373 933 400 981 et
410 926 750 995 Petruscemmetieeusis,
808 923 873 979 iecit
888 939 951 978 eum
961 923 1088 979 coronari
1096 923 1124 977 in
1141 940 1246 999 regem,
1260 940 1322 980 cum
1337 939 1437 997 magna
1449 921 1513 978 cleri
1527 938 1617 994 popu·

69 1030 101 1073 us
124 1015 326 1082 bernaicensis,
354 1016 486 1073 silvester
506 1019 758 1075 liothonensisab·
808 1015 883 1087 lique
915 1015 1017 1079 leticia,
1050 1015 1193 1071 londonie
1228 1017 1301 1087 apud
1329 1015 1616 1072 Westmonasterium.

69 1101 139 1159 [ansa
163 1105 296 1174 Augusto,
329 1104 480 1176 pacificatis
495 1107 553 1162 iere
580 1108 710 1163 omnibus
730 1108 757 1163 iu
811 1104 887 1159 iiunc
901 1102 1011 1158 inunxit
1026 1103 1399 1176 Rogeriusarchiepisoopus
1416 1103 1616 1171 cboraeensis;

69 1190 101 1249 isi
128 1208 211 1267 pago,
235 1193 391 1262 Wascouia,
417 1194 549 1251 henricus
579 1212 624 1251 rcx
639 1197 715 1252 venit
733 1197 760 1253 in
812 1209 875 1248 nam
891 1193 1009 1248 Thomas
1025 1192 1306 1250 cantuariensiscitra
1319 1193 1617 1265 marepereontinuum

69 1284 154 1354 niam,
171 1295 199 1342 ει
220 1290 324 1344 evocati
342 1290 477 1345 Brittanni
492 1271 713 1363 properaverunt
726 1292 761 1347 ud
812 1283 1040 1341 feresexeunium
1059 1284 1087 1339 in
1103 1285 1197 1340 celliis
1209 1285 1376 1340 morabatur.
1393 1285 1461 1340 iiuie
1473 1300 1618 1342 consecra·

69 1376 132 1434 ilina
153 1377 250 1433 civitas
277 1377 378 1434 Siciliae
406 1387 556 1435 terremotu
583 1395 717 1436 concussa
731 1391 759 1439 et
809 1374 878 1430 tioui
888 1373 1073 1430 interfuerunt
1088 1375 1257 1431 cislebertus
1268 1375 1473 1442 lundonensis,
1496 1375 1618 1432 coseoli-

69 1477 149 1535 aest,
162 1477 189 1524 et
205 1469 282 1524 multi
295 1471 322 1525 in
336 1487 369 1525 ea
385 1471 530 1543 perierunt
540 1471 583 1524 ⁶⁶³.
809 1484 862 1523 uus
876 1467 1105 1535 salesburiensis,
1121 1468 1259 1524 Walterus
1273 1469 1410 1524 liniensis.
1428 1469 1617 1525 Ricardusce·

69 1560 199 1618 cenricus
231 1562 296 1617 iecit
331 1571 451 1620 castrum
486 1565 698 1621 munitissimum
731 1573 759 1623 et
809 1563 1137 1628 strensis‚Bartolomeus
1158 1563 1329 1627 Exouiensis,
1357 1562 1619 1634 iiuaoilunelmen-

89 1650 244 1723 pergrande
261 1651 340 1719 juxta
369 1653 509 1708 lraiamde
541 1652 758 1726 ilalaffre,quod
808 1656 845 1710 sis
858 1656 998 1726 episcopit
1024 1656 1159 1730 ilogerius
1186 1655 1389 1729 wigorniensis
1405 1657 1433 1710 in
1448 1655 1619 1711 Normaunie

69 1740 293 1795 testlieaiveer.
310 1741 375 1796 cum
401 1741 534 1814 hogerius
553 1701 973 1803 iiaiabranchiaBmorabaiur.
1002 1746 1137 1802 ilenricus
1185 1746 1376 1803 wintonensis
1410 1754 1439 1803 ει
1461 1746 1619 1802 Wiiiermus

69 1828 151 1903 uisset
163 1831 259 1885 urbem
275 1831 465 1899 Citeriensem,
477 1849 559 1904 quam
575 1833 650 1889 cives
668 1835 756 1905 ipsius
806 1834 983 1890 Norvicensis
996 1833 1154 1890 infirmitate
1168 1835 1306 1906 prepediti
1318 1851 1374 1890 non
1390 1833 1539 1892 affuerunt.
1551 1835 1617 1890 Nam

69 1936 120 1979 ram
140 1923 282 1990 tenebant,
300 1925 646 1997 omnestamvirosquam
660 1926 758 1982 mulie·
807 1925 948 1981 adelulfus
973 1925 1152 1992 carluiensis,
1182 1932 1211 1981 et
1236 1926 1375 1982 liobertus
1397 1925 1616 1992 liereiordensis,

73 2010 225 2082 suspendio
253 2011 297 2067 uei
319 2012 373 2067 alio
407 2013 541 2069 tormenlo
565 2015 645 2069 morti
675 2016 762 2071 tradi·
810 2024 838 2071 ct
852 2016 988 2072 liebertus
1003 2014 1135 2078 italensis,
1166 2021 1194 2069 et
1209 2015 1343 2070 liebertus
1367 2014 1569 2082 lincolnensis,
1590 2024 1619 2072 et
1647 2067 1663 2080 ,

69 2101 143 2158 nouis
156 2101 359 2157 habitatoribus
378 2103 452 2158 iliam
479 2104 687 2160 inhabitandam
703 2113 759 2162 tra·
812 2107 928 2164 Hilarius
952 2105 1142 2173 cicestrensis,
1169 2113 1196 2162 et
1210 2105 1334 2181 Nigellus
1347 2105 1483 2161 iieliensis
1494 2107 1618 2177 episcopi

69 2193 317 2267 iquidempredicti
334 2195 409 2250 cites
429 2196 571 2252 dominum
586 2215 666 2253 suum
683 2200 758 2255 cuii·
808 2199 978 2255 dormierant
1008 2199 1034 2253 in
1050 2198 1178 2263 Domino,
1199 2203 1227 2251 et
1254 2196 1345 2251 adhue
1373 2195 1503 2250 cathedre
1522 2211 1617 2250 eorum

97 2284 179 2357 (655).
205 2285 384 2346 Trenchevel.
411 2295 516 2357 patrem
544 2290 653 2362 Rogerii
674 2291 758 2347 ilaie-
808 2290 952 2346 vacabant.
984 2288 1173 2344 iuterfuerunt
1201 2301 1267 2342 vero
1287 2286 1321 2341 de
1334 2285 1501 2341 Normannia
1520 2285 1618 2341 iieuri·

69 2395 85 2446 t,
100 2377 129 2433 in
144 2378 262 2449 quadam
286 2379 403 2437 ecclesia
418 2398 481 2437 cum
507 2383 565 2440 filio
596 2401 648 2442 suo
674 2403 758 2458 parvo
809 2398 857 2437 eus
867 2381 1026 2451 bajocensis
1051 2388 1080 2434 et
1094 2379 1240 2452 frogerius
1263 2377 1403 2449 Sapiensis
1418 2376 1554 2449 episcopi,
1569 2377 1617 2449 qui

69 2483 100 2527 er
132 2469 302 2526 occiderant.
338 2473 393 2527 ilex
441 2473 574 2530 ilenricus
604 2475 669 2531 iecit
702 2477 759 2533 llo-
809 2476 1058 2527 cumcorenerant
1081 2469 1111 2523 in
1140 2467 1275 2542 angliam.
1306 2466 1421 2531 Quidam
1446 2465 1618 2521 molesteie·

85 2568 114 2617 et
139 2560 299 2632 piscatorias
325 2563 479 2636 indagaris
501 2565 529 2619 in
562 2564 676 2624 flumine
701 2568 759 2624 ide-
809 2570 884 2629 runt,
903 2561 978 2634 quod
999 2544 1225 2631 archiepiscopus
1242 2557 1423 2614 Eboracensis
1446 2557 1556 2612 unxerit
1589 2557 1618 2613 in

71 2651 137 2711 cnm
165 2650 334 2710 Guillerntus
359 2656 445 2711 coeth
470 2657 587 2714 obiisset
610 2658 638 2714 iu
659 2658 759 2716 itinere
810 2671 902 2728 regern
930 2653 1078 2709 ilenricum
1102 2652 1241 2719 juniorem
1295 2649 1349 2704 Sed
1378 2648 1516 2715 noverint,
1544 2648 1619 2720 quod

69 2755 154 2811 tm,et
180 2761 273 2801 comes
294 2745 469 2802 Tireobaidus
491 2749 575 2805 vellet
600 2751 701 2807 habere
730 2754 759 2807 in
810 2747 915 2819 primus
930 2746 1111 2811 Guiilermus,
1134 2744 1181 2815 qui
1203 2742 1328 2816 hngiiam
1350 2741 1433 2796 armis
1448 2741 1569 2816 subegit,
1584 2740 1619 2795 ab

69 2834 221 2891 rabientem
246 2834 398 2890 ldirabilem
413 2843 440 2890 ct
455 2836 522 2891 alias
537 2835 690 2907 firmitates,
705 2857 759 2912 que
810 2837 943 2891 hiveredo
964 2832 1175 2908 religiosissimo
1203 2832 1262 2887 riro
1288 2829 1454 2886 chorocensi
1481 2827 1620 2898 archiepi-

69 2925 214 2983 cuiiiermi
238 2926 336 2993 coctlr,
363 2926 397 2982 de
421 2928 523 2998 quibus
538 2930 648 2984 saisitus
676 2931 758 3005 (656),
810 2943 894 2998 scopo
913 2927 1044 2982 inunctus
1070 2935 1097 2981 et
1121 2934 1245 2980 sacratus
1272 2930 1325 2986 est,
1359 2920 1550 2976 cantuariensi
1570 2935 1618 2975 ar·

69 3030 149 3072 ruens
165 3014 198 3070 de
213 3015 288 3080 iren,
315 3015 362 3086 qui
378 3015 498 3073 habebat
517 3017 546 3075 itt
559 3019 690 3093 coniugio
704 3021 761 3091 pri·
810 3018 989 3090 chlepiscopo
1008 3018 1081 3073 intra
1105 3015 1223 3071 insulam
1253 3013 1392 3068 Britannis
1412 3019 1551 3079 manente,
1565 3010 1619 3066 sti-

69 3115 120 3165 lum
145 3106 229 3162 liliam
250 3106 391 3161 cuillermi
421 3106 520 3169 coeth,
550 3116 641 3164 natam
656 3126 689 3165 ex
704 3127 759 3166 una
774 3081 900 3187 figendo
920 3112 1133 3183 scilicetapupa
1143 3109 1390 3166 excommunicato.

69 3221 76 3259 r
118 3202 226 3259 comitis
268 3201 418 3257 Theohaldi
453 3220 461 3268 ς
493 3201 592 3258 uidens
618 3202 758 3272 predictus
844 3202 988 3280 Margarita
1015 3201 1071 3256 iilia
1091 3194 1622 3275 regisi'ranoie,uxoriieuricijuuio-

69 3310 86 3364 t,
99 3310 130 3350 se
145 3309 200 3348 nou
216 3308 296 3365 posse
316 3293 444 3348 resistere
473 3291 567 3348 comiti
587 3290 755 3347 Theobaido.
807 3292 846 3346 ris
866 3291 951 3362 regis,
968 3291 996 3344 in
1012 3289 1138 3363 angliam
1160 3287 1267 3343 transiit
1288 3300 1363 3341 :nec
1383 3292 1449 3339 tunc
1468 3289 1558 3340 tamen
1570 3282 1623 3354 fuir

69 3390 170 3448 :etiam
184 3390 348 3444 Francorum
381 3388 630 3460 adjuvarutpartes
649 3385 758 3442 comitis
808 3387 946 3437 coronata.
980 3380 1045 3451 quit
1070 3395 1117 3433 reu
1141 3378 1196 3447 jam
1229 3383 1377 3432 coronatus
1409 3379 1478 3440 erat,
1507 3382 1535 3428 et
1554 3372 1619 3443 epi·

69 3478 114 3549 idi,
125 3485 220 3550 utpote
232 3477 354 3533 sororius
373 3478 454 3545 ejus:
475 3477 549 3531 idem
564 3477 696 3544 ilerveus,
708 3476 755 3531 iu·
806 3469 884 3540 scopi
901 3469 1096 3524 discesserant.
1122 3465 1265 3521 iohannes
1284 3478 1377 3518 comes
1392 3459 1619 3517 lucensismori-

69 3578 123 3629 tute
135 3587 234 3645 magna
251 3569 369 3641 pecunia
393 3579 420 3624 et
436 3569 603 3640 quibusdam
623 3568 761 3639 partioni-
813 3565 895 3613 iuret
907 3555 1040 3612 successit
1059 3555 1084 3609 ei
1109 3553 1181 3607 iilius
1208 3553 1269 3622 ejus
1296 3549 1439 3604 ilenricus.
1470 3563 1552 3620 quem
1568 3563 1620 3621 ge·

69 3660 273 3719 diditlienrico
304 3659 361 3734 regi
378 3660 526 3730 inpiorum
543 3657 661 3712 Mentem
677 3656 761 3712 ilira-
812 3657 953 3704 uuoratex
968 3643 1217 3702 liiialliiliermide
1231 3640 1358 3697 albineio
1373 3641 1459 3709 (osi),
1475 3654 1557 3711 quem
1571 3653 1620 3694 vo·

69 3753 304 3815 iaiiudcastrum,
320 3752 427 3807 scilicet
442 3752 572 3806 Sanctum
586 3749 721 3805 riniauum
732 3750 761 3805 in
812 3748 875 3797 cant
886 3738 1017 3795 comitem
1038 3738 1073 3792 de
1094 3735 1225 3791 drundei.
1252 3732 1390 3789 iiicduxit
1418 3731 1517 3786 Eiizam
1546 3728 1620 3803 regi-

69 3863 88 3905 i.
106 3844 183 3902 [lude
198 3843 337 3900 discordia
365 3843 550 3916 redintegrata
576 3849 617 3898 est
632 3841 704 3896 inter
716 3856 761 3897 rc·
813 3849 887 3897 nam,
905 3830 1029 3888 relictam
1044 3827 1153 3885 ilenrici
1175 3826 1294 3882 senioris
1319 3824 1393 3899 regis
1412 3822 1571 3893 bogiorum,
1587 3837 1620 3877 ex

69 3937 204 3995 comitem.
813 3938 868 3995 qua
894 3920 990 3996 genuit
1017 3918 1195 3975 cuiliermunr
1239 3912 1454 3987 primogenitum
1479 3926 1571 3978 suum,
1594 3916 1622 3966 et

69 4028 242 4084 ‚fredericus
257 4025 300 4081 i9‘
314 4025 465 4084 Ludooicus
478 4023 522 4080 33.
537 4026 669 4079 Heorr'otu
684 4023 726 4079 16.
815 4011 1004 4078 codeiridum,
1021 4016 1049 4066 et
1068 4009 1145 4075 istam
1172 4004 1339 4062 comitissam
1359 4016 1474 4058 uxorem
1487 3998 1622 4056 iohannis

69 4118 136 4175 ataie
160 4117 213 4173 iuit
241 4134 289 4172 rex
320 4117 452 4172 liodricus
476 4115 504 4172 in
525 4115 677 4171 Brittannia
690 4115 763 4189 apud
815 4106 958 4172 lucensis,
974 4107 1009 4161 de
1024 4120 1080 4180 quo
1088 4117 1180 4159 sermo
1193 4108 1243 4156 est.
1256 4100 1285 4153 in
1296 4098 1341 4152 die
1353 4095 1540 4168 apostolorum
1550 4091 1622 4148 Petri

69 4226 107 4269 ea.
142 4210 279 4266 liebertus
314 4208 545 4266 archidiachonus
580 4207 764 4263 llunuerensln
815 4203 843 4252 et
856 4195 932 4251 Pauli
946 4201 1113 4250 terremotus
1141 4188 1283 4247 horribilis
1309 4186 1397 4241 iaetus
1419 4194 1460 4239 est
1487 4182 1621 4238 intrans·

69 4319 94 4361 tn
109 4304 185 4377 regis
215 4301 303 4357 iactus
330 4308 372 4359 est
404 4300 762 4375 episcopusltanuetensis‚
815 4286 929 4345 marinis
939 4284 1075 4360 partibus,
1091 4296 1145 4355 quo
1169 4279 1272 4336 corruit
1287 4276 1386 4332 civitas
1410 4272 1538 4344 Tripolis,
1559 4286 1622 4342 pars

69 4392 206 4449 rmardum
222 4390 387 4445 auunculum
400 4405 489 4444 suum.
511 4390 541 4446 in
555 4387 764 4464 quadragesima
776 4357 949 4443 Dbamasci,
969 4374 1115 4432 Antiochia
1138 4373 1286 4450 plurimum
1323 4365 1440 4441 agareni
1467 4363 1548 4418 etiam
1565 4376 1622 4418 non

69 4492 163 4540 tma're
184 4483 287 4538 limites
310 4497 385 4548 suns,
402 4481 477 4537 uude
492 4496 663 4555 messesque
677 4496 763 4552 prope
813 4470 925 4526 iucruut
938 4474 1067 4544 expertes
1083 4465 1166 4542 hujus
1194 4456 1380 4517 tribulationis
1396 4473 1405 4520 ;
1419 4469 1481 4509 uam
1497 4452 1622 4523 iialapre,

69 4574 171 4631 minate
197 4581 286 4637 erant,
314 4573 342 4628 in
366 4572 459 4626 multis
491 4571 560 4626 iocis
585 4571 764 4642 perieruuta
813 4580 867 4641 que
879 4569 962 4638 caput
992 4569 1035 4616 cst
1062 4558 1139 4634 regni
1166 4553 1295 4617 loradin,
1311 4559 1339 4606 et
1357 4548 1475 4621 quedam
1487 4545 1623 4603 alieciui·

69 4664 294 4722 subsortecssa
322 4661 464 4734 cujusdam
492 4661 612 4736 gigantis
625 4661 654 4716 iu
668 4660 764 4738 Anglia
813 4663 884 4713 tates
900 4656 1125 4716 sarracenorum,
1156 4664 1211 4704 non
1232 4652 1380 4703 evaserunt
1406 4644 1477 4699 hanc
1506 4647 1621 4714 pestem.

69 4757 190 4814 taionem
210 4757 319 4811 detecta
347 4761 422 4820 suut,
438 4751 762 4827 cujuscorporisiougi-
813 4749 918 4804 iiortuo
944 4744 1084 4800 willermo
1122 4742 1223 4797 comite
1250 4738 1411 4795 liiverneusi
1433 4738 1505 4793 ultra
1537 4749 1623 4802 mare,

69 4852 79 4901 t
96 4843 199 4913 ierunt,
213 4844 247 4901 30
258 4844 358 4915 perium
371 4849 438 4898 erat.
454 4843 482 4896 iu
499 4841 595 4897 eadem
608 4839 763 4913 quadrage·
813 4838 937 4894 Matheus
960 4833 1044 4891 irater
1063 4832 1184 4905 Philippi
1208 4830 1317 4887 comitis
1340 4828 1561 4895 i'iandrensium,
1577 4840 1625 4882 co-

69 4935 238 4994 ansfretavit
260 4952 307 4991 rex
328 4935 464 4990 ilenrieus
488 4934 517 4988 in
549 4932 688 5005 angliam,
704 4946 760 4987 non
812 4944 871 4985 mes
887 4926 1011 4993 liolonie,
1036 4925 1113 4981 duxit
1126 4938 1239 4979 uxorem
1255 4921 1316 4994 ejus
1331 4920 1416 4993 (668),
1430 4932 1553 4976 sororem
1569 4914 1625 4971 sci·

635 5058 746 5117 vniiiAE
776 5055 963 5116 tsctlouus.

69 5170 251 5230 similiter-
279 5171 381 5243 pertin,
409 5172 441 5224 iu
466 5183 569 5225 resero
597 5170 639 5223 ito
670 5167 814 5241 ampliauit
853 5164 980 5219 hubertus
1008 5161 1053 5216 'ib
1085 5158 1200 5230 besantl?
1214 5158 1259 5215 sb.
1293 5157 1340 5212 8h.
1354 5170 1428 5242 'cum
1459 5148 1626 5223 aepumtibrta

69 5243 452 5300 ·abbates⁸⁶³Hicdesirtuut
466 5241 511 5308 ila,
539 5239 587 5295 sb.
617 5243 642 5295 et
655 5254 751 5294 monae
773 5236 891 5294 secunda
921 5238 951 5290 in
964 5233 1011 5288 86.
1032 5238 1165 5289 errentur
1180 5231 1334 5286 maanaim
1347 5227 1434 5283 inse.
1448 5224 1494 5279 siu.
1510 5223 1626 5304 tortosae

69 5314 127 5373 tsc
150 5316 167 5372 8
191 5355 197 5368 .
217 5317 248 5370 iu
263 5315 308 5369 8b.
326 5316 448 5387 sequitur
463 5309 871 5380 brrrut's1conttrruotiomonocht'
893 5307 1128 5363 vallomontensia.
1152 5300 1298 5358 combusta
1312 5305 1355 5354 est
1373 5298 1567 5353 irsoaunenais
1578 5305 1626 5348 eo-

69 5385 157 5445 ciiai.
168 5331 250 5453 quill,
266 5385 366 5441 bieria
377 5391 441 5456 post
452 5389 579 5440 octavam
597 5387 776 5453 pentecostes
795 5380 902 5435 addant
923 5377 969 5433 8d.
982 5376 1030 5431 sh.

743 5490 847 5550 NOTAE.

78 5590 208 5674 corripe:
223 5589 416 5649 Mimwaduru.
433 5589 534 5655 Bcctl.
856 5585 928 5655 (667)
945 5581 1104 5640 iiaiisende.
1118 5578 1216 5647 boue.

78 5660 234 5721 ursanus.
852 5656 925 5730 (cili)
940 5654 1116 5715 cleonoram.
1136 5649 1235 5719 boue.
