3720 6014
101 122 165 177 llil
681 107 848 166 ntnxctttx
869 105 983 163 sinon
1004 106 1190 165 connotent.
1698 119 1767 175 1222

98 247 177 302 lubre
193 244 338 302 consilium
356 240 447 298 eidem
468 245 658 317 suggerentes,
676 237 776 295 hortati
796 241 860 291 sunt
875 240 905 291 ut
916 239 944 307 Α
956 234 1125 292 mulierculae
1156 251 1239 291 manu
1254 244 1421 306 excusserat,
1444 253 1505 295 mox
1527 239 1646 298 arelacta
1660 251 1712 313 est,
1728 246 1766 305 ita

97 352 159 390 sese
176 334 295 389 traderet
311 332 337 385 in
350 330 477 386 ancillam
493 335 588 384 sancto
609 327 691 395 Patri,
715 333 742 382 et
756 325 905 397 sponderet
956 337 995 396 ut,
1022 331 1128 387 inutilis
1156 332 1276 399 reddita,
1305 333 1410 388 nullutn
1430 350 1501 405 opus
1520 334 1752 396 ellieerevaleret

97 424 131 478 de
148 432 258 488 caetero,
273 436 369 477 omnes
382 418 559 474 celebritates
582 416 679 487 ipsius,
700 422 730 470 ul
749 414 907 470 condecens
958 418 1022 479 Cum
1039 425 1097 495 ipsa
1112 441 1225 497 quoque
1240 425 1367 481 ariditate
1383 426 1456 480 aliud
1473 427 1610 483 inusitatae
1627 429 1766 500 passionis

97 521 180 580 θδὸὓῑ,
208 529 238 566 ⁸⁰
263 508 460 566 venerabilii&
487 508 705 563 ObSssrlalssloffl·
727 506 790 569 01¹ae
815 502 906 577 tllgssae
957 512 1151 568 detrimontum
1167 514 1296 582 accrevit,
1319 513 1455 585 siquidem
1472 523 1603 586 tanquam
1617 525 1709 574 reatus
1721 521 1764 576 sni

100 603 273 681 suggestioni
300 602 427 665 eredens,
458 598 661 670 obtemperarit
686 597 761 666 justo
785 596 906 668 ipsorum
957 603 1076 673 quodem
1116 610 1278 676 argueretur
1303 603 1412 670 timore,
1438 602 1555 658 tremula
1578 608 1764 664 concussione

96 697 230 754 corasilio:
251 703 279 751 et
297 693 442 750 confestim
458 701 543 748 tama
565 691 661 748 dolore
677 689 801 745 dentium
824 704 906 761 quam
957 694 1069 766 agitata,
1083 710 1138 749 uno
1155 693 1183 747 in
1208 692 1279 758 loco,
1296 693 1403 749 etiamsi
1420 694 1538 750 rinculis
1557 698 1766 773 constringere-

96 807 112 844 a
128 788 277 845 formidine
292 787 406 841 liberata
417 792 467 841 est.
957 792 1009 854 tur,
1022 787 1084 860 cogi
1100 802 1154 842 uon
1175 793 1292 859 poterat,
1312 788 1361 842 sed
1378 788 1531 843 mobilitate
1544 789 1688 861 inexperta
1703 793 1767 847 abs·

136 877 464 933 exantlat-simite.
476 869 905 940 minumttoaisfesmmlnldem
956 877 1075 948 queulla
1092 878 1187 948 quiete
1200 877 1363 933 dissiliebat.
1382 878 1513 935 Paulatim
1533 880 1615 935 etiam
1632 898 1766 956 augmen·

98 987 144 1025 rus
156 969 304 1024 advenerat
318 969 404 1023 altare
419 966 662 1037 muliercule,quac
674 964 794 1020 textricis
805 962 906 1036 funge—
957 974 1010 1022 tata
1030 968 1055 1023 vi
1072 969 1257 1043 agritudinis,
1274 970 1393 1027 rusticus
1410 971 1456 1027 illc
1482 989 1631 1043 percussus
1647 974 1707 1030 dira
1720 993 1766 1047 pa·

97 1058 178 1113 batur
191 1058 294 1113 ot'lrcio.
313 1056 511 1112 llaecmcrcede
527 1054 688 1110 conductae
703 1052 824 1124 quodam
835 1050 904 1113 rire,
959 1054 1051 1126 ralysi,
1076 1056 1226 1111 medietato
1241 1059 1282 1112 sui
1306 1059 1452 1114 destitutus
1471 1067 1512 1114 est
1528 1061 1662 1130 corporis,
1681 1062 1717 1117 ita
1736 1071 1767 1120 ut

96 1146 209 1202 nominc
231 1144 360 1210 Redull'o,
376 1153 459 1219 gente
484 1143 625 1204 Britanno,
642 1140 763 1196 babebat
775 1155 907 1210 coopera-
959 1146 993 1199 ad
1008 1162 1090 1201 onrne
1109 1146 1254 1203 artificium
1271 1149 1427 1206 alliceretur
1449 1150 1564 1206 inutilis.
1577 1151 1660 1209 bliser
1673 1159 1765 1210 tamen

95 1235 190 1289 tricem
207 1249 269 1305 quae
282 1233 408 1302 ejusdem
425 1239 484 1287 erat
504 1230 661 1298 ministerii,
677 1230 725 1284 sed
746 1229 805 1283 hmo
821 1244 854 1283 ex
868 1225 908 1280 fa·
958 1235 1031 1291 idem
1047 1243 1121 1291 tauta
1136 1235 1224 1291 luerat
1243 1249 1340 1309 captus
1366 1241 1508 1296 dementia
1531 1250 1558 1298 et
1576 1243 1764 1300 obstinatione

99 1326 176 1380 milia
192 1326 279 1381 Patris
293 1324 433 1380 Benedicti
451 1323 597 1399 progenita
618 1322 717 1389 luerat,
737 1321 823 1376 altera
842 1335 907 1376 xero
958 1327 1041 1381 animi
1065 1327 1209 1383 induratus
1223 1336 1254 1384 ut
1273 1346 1447 1402 nequaquam
1463 1331 1588 1388 confiteri
1600 1334 1762 1406 acquiesce·

100 1417 224 1473 minime.
245 1419 495 1473 Britannnsantem
513 1415 699 1487 ipscliberam
721 1422 838 1468 traxerat
857 1429 908 1488 gc·
957 1424 1009 1482 ret,
1029 1415 1263 1471 oblemeritatcm
1293 1417 1394 1473 dictam
1424 1436 1455 1474 sc
1481 1426 1585 1476 tantum
1603 1422 1762 1496 languerent

101 1510 231 1566 niluram.
252 1510 302 1573 bui
318 1509 352 1564 de
366 1525 416 1564 sua
430 1507 582 1563 adveniens
606 1507 730 1580 regione,
752 1504 840 1576 ipsius
854 1504 907 1560 aa·
919 1547 944 1616 Β
958 1506 1117 1573 iucurrisse,
1134 1506 1223 1563 donec
1235 1507 1386 1565 inveterata
1401 1512 1489 1566 morbi
1506 1514 1655 1570 acerbitate
1671 1531 1763 1570 mace-

96 1602 146 1656 tris
163 1618 210 1656 rus
239 1600 389 1665 incolebat,
411 1600 516 1654 habens
536 1597 733 1654 habitationem
757 1597 785 1650 in
805 1597 904 1652 eodem
958 1604 1042 1663 ratus
1071 1597 1182 1665 invitus,
1201 1597 1360 1670 qualiterid
1380 1601 1434 1656 sibi
1455 1603 1612 1672 accidisset,
1632 1619 1763 1661 suanoce

94 1709 174 1761 rnre;
191 1699 304 1765 eratque
327 1693 413 1747 durus
427 1692 560 1764 agricola,
578 1691 622 1746 cui
639 1691 721 1745 etiarn
737 1689 810 1744 vires
827 1690 905 1745 lebo-
955 1685 1109 1759 protulerit·
1137 1686 1463 1744 Admossfflllibustlulem
1484 1691 1536 1747 lici
1564 1693 1688 1762 ejusdem
1716 1710 1764 1749 ⁰⁰·

95 1781 116 1835 ri
134 1780 278 1836 tolerando
302 1779 488 1835 sufficiebant.
514 1779 645 1834 lnPatris
669 1778 752 1853 igitur
781 1776 904 1832 tumula-
954 1777 1166 1844 habitatoribus,
1179 1778 1258 1847 petiit
1286 1777 1436 1834 floriacum
1455 1780 1482 1834 in
1506 1774 1591 1837 Patris
1608 1783 1763 1840 translatio-

93 1873 181 1940 tione,
198 1890 259 1944 quae
274 1874 300 1927 in
316 1873 415 1928 diebus
429 1872 566 1929 Dominici
587 1872 728 1926 Adventus
743 1887 793 1942 per
808 1885 905 1925 omnes
955 1885 1000 1937 ne,
1016 1886 1070 1941 qua
1089 1868 1216 1924 Casinum
1234 1870 1367 1925 deserens
1385 1870 1469 1945 elegit
1485 1873 1571 1927 sacris
1589 1875 1647 1929 suis
1661 1875 1762 1949 pigno·

92 1964 193 2019 Gallius
212 1965 353 2020 annuatim
374 1981 436 2020 eum
467 1965 620 2020 reverentia
644 1964 786 2031 exeolitur,
807 1963 905 2017 mulier
954 1963 1031 2018 ribus
1045 1963 1220 2018 metationem
1238 1961 1406 2018 Gallicanam
1422 1964 1762 2039 r·cgionem,etservitium

92 2073 153 2131 quac
169 2060 286 2113 carnalis
301 2058 436 2113 libertatis
451 2058 601 2129 supercilio
622 2058 757 2122 tumebat,
774 2057 865 2129 inquit
878 2056 903 2111 ei
955 2057 1095 2129 professus
1116 2058 1168 2129 ipsi
1196 2058 1230 2111 dtr
1260 2064 1358 2113 caetero
1388 2057 1470 2120 Petri.
1505 2061 1677 2131 pernoctavit
1700 2068 1763 2132 post

92 2163 152 2217 quae
168 2162 201 2202 ex
218 2146 373 2227 lamulabus
388 2147 474 2202 Patris
485 2163 515 2203 se
528 2163 639 2219 quoque
660 2164 721 2202 esse
736 2146 902 2219 plaudebat:
954 2150 1041 2221 ipsius
1060 2150 1259 2205 sanctissimam
1285 2150 1497 2207 tumulationem
1529 2161 1608 2209 nocte
1623 2153 1679 2221 illa,
1696 2170 1761 2210 eon·

86 2241 173 2306 teat,
197 2242 235 2294 mi
254 2240 350 2306 obera,
369 2256 542 2311 properemus
560 2242 689 2310 perficere
708 2240 782 2310 qnod
800 2243 904 2309 pariter
954 2239 1060 2295 tinuato
1081 2240 1126 2295 die
1141 2239 1204 2295 testi
1234 2241 1306 2296 nocti
1335 2241 1398 2313 ipsi,
1415 2243 1571 2314 deposcens
1594 2244 1680 2315 ipsius
1704 2246 1762 2301 cle-

90 2330 220 2396 eopimus
244 2343 320 2397 epus.
350 2327 535 2399 Susceperam
563 2328 635 2382 enirn
667 2338 761 2383 texere
788 2328 902 2397 lineam,
954 2332 1096 2400 mantiam,
1112 2333 1192 2402 cujus
1211 2333 1239 2387 in
1254 2349 1284 2387 sc
1300 2334 1487 2390 concitaverat
1505 2335 1665 2404 vindictam,
1687 2337 1760 2409 quod

92 2438 155 2493 quae
169 2421 257 2493 ipsius
272 2421 389 2477 britonis
416 2427 474 2477 erat
490 2423 581 2477 telam.
604 2421 650 2476 Cui
667 2422 713 2477 illa
738 2423 899 2494 respondit:
952 2431 979 2478 et
994 2423 1047 2493 ipsi
1063 2424 1263 2496 perspeximus.
1278 2424 1331 2479 Sed
1353 2427 1484 2498 quoniam
1506 2444 1538 2482 ex
1562 2427 1702 2501 superbiae
1720 2435 1760 2501 ty-

87 2511 171 2566 nostr
185 2526 201 2564 a
215 2526 265 2577 me,
290 2512 329 2564 mi
340 2526 427 2578 seror,
453 2515 485 2565 at
502 2527 548 2578 epo
564 2511 643 2566 bodie
655 2512 774 2582 aliquem
796 2528 902 2582 proesa·
952 2528 987 2583 ρο
1004 2510 1108 2586 [typho]
1125 2514 1249 2582 ejusdcm
1261 2515 1366 2570 crimen
1386 2516 1583 2584 descendebat,
1603 2518 1762 2574 nullatenus

87 2615 158 2655 mam
177 2616 297 2655 exercere
312 2601 440 2667 laborem,
455 2606 481 2656 et
495 2602 600 2657 domini
618 2606 670 2657 anei
684 2604 763 2673 cajus
777 2619 839 2658 sum
853 2620 901 2658 an·
950 2599 1059 2655 voniem
1076 2601 1232 2672 impetravit
1247 2620 1330 2674 quam
1361 2604 1536 2676 implorabat,
1558 2607 1606 2661 scd
1624 2607 1759 2678 usquead

89 2689 163 2756 oilla,
178 2693 234 2743 tam
250 2690 397 2745 solemnem
417 2696 546 2745 tenerare
561 2692 750 2747 celebritatem.
769 2694 801 2746 tt
816 2692 861 2746 illa
886 2708 900 2747 e
950 2689 1097 2743 terminum
1119 2690 1192 2758 vitae,
1216 2691 1366 2747 comitante
1385 2709 1415 2747 se
1436 2696 1545 2749 occulto
1559 2694 1761 2766 omnipotentis

91 2784 201 2833 contra:
223 2781 272 2844 Tu,
292 2781 318 2833 sl
331 2780 383 2834 tibi
401 2785 490 2845 necat,
505 2781 606 2848 seriata
620 2786 682 2847 esto,
697 2797 744 2850 epa
764 2783 834 2836 enim
848 2798 900 2851 pua
951 2779 1087 2841 examine.
1112 2781 1253 2836 incuratus
1268 2783 1463 2854 perseverarit.
1490 2783 1586 2839 llulier
1600 2784 1686 2856 igitur
1699 2799 1760 2855 quae

89 2872 172 2938 (ruer
187 2871 253 2933 cibo,
271 2871 350 2927 laodic
360 2873 520 2927 laboratura
533 2889 609 2929 sam:
625 2877 655 2927 tu
665 2888 726 2927 uere
742 2874 845 2928 domini
859 2876 901 2928 tui
950 2868 978 2924 in
993 2885 1023 2924 se
1038 2877 1149 2942 experta
1163 2887 1285 2927 severam
1300 2871 1408 2926 bomini
1426 2872 1515 2927 lateret
1530 2872 1676 2941 atilionem,
1694 2889 1760 2943 per·

92 2961 179 3013 eecole
192 2961 301 3026 testum.
328 2960 394 3016 lluic
415 2960 586 3017 altercationi
609 2961 755 3016 Britannus
781 2961 840 3033 ipse
856 2961 900 3016 in·
914 2914 1045 3013 Cterrita
1059 2959 1141 3013 etiam
1157 2959 1251 3015 rustici
1265 2959 1339 3015 illius
1353 2961 1420 3016 diris
1432 2961 1621 3032 passionibus,
1639 2953 1758 3016 lamule·

92 3049 225 3114 terrenit3
241 3049 288 3120 qui
317 3050 473 3106 sciscitatus
487 3051 641 3121 eujusmodi
658 3051 731 3106 iuter
751 3067 780 3107 se
796 3067 899 3107 sermo-
951 3056 1008 3105 tum
1023 3051 1146 3122 professa
1167 3053 1241 3109 Petri
1257 3054 1422 3119 benedicto,
1446 3054 1599 3125 spopondit
1625 3070 1655 3109 se
1671 3053 1697 3108 in
1712 3069 1760 3108 ea·

93 3156 144 3194 nes
173 3147 305 3208 sererent,
331 3141 378 3196 ubi
399 3142 515 3197 edidicit
534 3158 656 3206 causam,
685 3142 744 3196 suis
768 3143 900 3214 compulit
950 3136 1013 3192 dem
1040 3138 1214 3195 solemnitate
1238 3141 1381 3195 candelam
1399 3141 1532 3195 omnibus
1560 3141 1641 3195 annis
1658 3139 1758 3212 quibus

91 3233 330 3290 exhortationibus
345 3244 489 3308 utramque
513 3236 627 3312 aggredi
651 3237 726 3308 quod
741 3253 898 3308 assumpse-
950 3226 1055 3281 Vivere!
1080 3227 1244 3294 ⁰bl³l⁰l³m‚
1271 3235 1299 3283 ῡῑ
1314 3228 1401 3295 illam,
1417 3236 1587 3300 caeterasque
1609 3229 1757 3299 liulfesli·

90 3331 130 3378 pal
154 3339 234 3393 opus,
262 3325 350 3397 Coepjt
378 3327 470 3399 itaquo
486 3326 588 3382 famula
606 3327 694 3383 Patris
720 3328 801 3383 anxie
820 3329 899 3385 paldo
949 3313 1047 3371 vitales
1066 3315 1159 3370 debila
1173 3332 1234 3371 culn
1246 3316 1393 3372 ddVOfiOsse
1404 3317 1625 3371 ObSOl'Vallll'ssm.

90 3420 151 3481 post
164 3413 245 3467 telam
261 3414 389 3469 residens
404 3424 575 3486 exspectare,
592 3416 661 3487 quid
673 3415 734 3485 ejus
753 3424 847 3472 actura
861 3417 902 3474 lo·
989 3408 1052 3466 Col·
1077 3408 1174 3463 XXXV·
1203 3440 1238 3448 -
1265 3411 1443 3464 nomn-emm
1474 3411 1603 3480 impotens
1631 3416 1756 3464 Willml·

90 3503 232 3570 retsocia;
248 3520 310 3573 quae
334 3514 447 3559 tramam
464 3504 689 3576 apprehendens,
706 3506 754 3561 ubi
781 3507 902 3580 primum
953 3505 983 3559 ln
997 3504 1162 3559 Castelllone
1178 3502 1489 3574 (Chelidon-sarlone)
1507 3502 1592 3556 l‘atris
1603 3501 1690 3573 ipsius
1702 3516 1758 3556 uon

91 3608 141 3663 per·
165 3602 272 3648 stamen
297 3595 375 3650 duxit
401 3593 488 3664 filum,
512 3602 652 3666 assumpto
668 3597 778 3667 pectine
798 3598 902 3672 lignee,
952 3594 1051 3668 exigua
1076 3593 1263 3664 possessione,
1299 3592 1344 3647 ubi
1368 3591 1466 3647 beatus
1490 3589 1630 3646 consessor
1657 3590 1761 3646 Pesen-

93 3681 249 3737 inculcabat
272 3683 344 3739 idem
375 3683 450 3740 lrlum
465 3684 572 3757 reliquo
600 3685 781 3760 subtegmini,
804 3703 903 3759 pereu-
958 3701 1009 3740 nus
1023 3685 1076 3756 teo)
1093 3684 1254 3756 requiescit,
1269 3684 1304 3740 de
1318 3699 1373 3755 quo
1392 3690 1420 3738 ct
1438 3683 1561 3737 Andreas
1574 3682 1627 3753 (ab)
1644 3681 1761 3753 plurima

92 3777 197 3835 tiendo.
209 3778 354 3850 Extemplo
366 3787 554 3852 consequente
560 3780 627 3849 justi
642 3780 777 3835 examinis
790 3780 906 3836 ultiones
957 3781 984 3835 in
1000 3782 1058 3836 suis
1074 3779 1166 3835 retulit
1176 3779 1269 3846 dictis,
1284 3778 1370 3835 multa
1394 3779 1427 3833 ad
1442 3777 1551 3833 landem
1567 3776 1610 3832 sui
1631 3775 1761 3843 nominis,

95 3881 195 3943 pecten
211 3874 305 3929 manui
327 3876 388 3947 ejus
402 3875 618 3948 udbaesit3quod
635 3875 694 3947 ipsa
709 3875 773 3930 dum
790 3891 906 3946 persen·
955 3889 1005 3945 per
1029 3872 1125 3928 merita
1151 3872 1293 3943 utriusque
1320 3870 1405 3925 Patris
1433 3869 1535 3940 saepius
1559 3867 1763 3938 omnipotentis

94 3961 139 4027 sit,
160 3963 287 4018 exterrita
311 3963 454 4019 vociferari
482 3973 652 4034 exorsaest,
683 3973 822 4020 attentans
842 3981 903 4020 cre·
954 3963 1101 4019 clementia
1125 3964 1294 4018 demonstrat
1317 3959 1464 4036 magnalia,
1481 3960 1515 4014 de
1542 3959 1643 4033 quibus
1663 3962 1690 4012 ct
1711 3971 1764 4013 nos

94 4047 155 4117 bro,
171 4051 193 4105 si
210 4067 320 4106 amana
333 4053 446 4125 propria
459 4053 598 4126 pectinem
612 4053 705 4126 aliquo
721 4060 801 4125 pacto
820 4068 903 4109 exea·
954 4055 1052 4112 dicturi
1066 4072 1162 4111 sumus
1181 4055 1282 4126 aliqua.
1303 4053 1456 4110 llomuncio
1475 4051 1599 4123 quidem,
1616 4048 1764 4103 llerbertus

94 4147 151 4196 tere
163 4143 268 4214 quir·el;
282 4145 332 4200 sed
346 4145 445 4201 videns
457 4147 597 4202 incassum
612 4162 642 4202 sc
653 4146 680 4201 id
694 4145 796 4215 lacere,
808 4145 843 4200 ab
856 4145 902 4200 in·
954 4146 1078 4212 nantino,
1091 4144 1284 4219 egritudinem
1307 4142 1405 4198 incidit
1420 4141 1489 4196 adeo
1500 4155 1610 4212 gravem
1630 4145 1669 4203 ut,
1685 4151 1763 4193 reso·

93 4237 183 4300 coepto
196 4232 311 4288 destitit.
332 4236 514 4290 decurrerunt
534 4245 627 4289 autem
644 4234 754 4305 plurimi
781 4233 833 4289 vici
851 4232 901 4288 ha·
955 4238 1018 4293 lutis
1038 4237 1167 4294 omnibus
1183 4234 1324 4299 membris,
1338 4233 1443 4288 nullius
1468 4246 1563 4286 eorum
1579 4236 1704 4284 uteretur
1717 4227 1762 4283 ol-

94 4315 229 4374 bllatores
244 4320 326 4376 exciti
337 4320 504 4377 clamoribus
518 4322 602 4389 illius,
618 4323 691 4377 inter
709 4338 778 4395 quos
797 4329 824 4378 et
840 4323 901 4377 Bri·
913 4285 942 4354 D
955 4327 1028 4392 licie,
1040 4333 1138 4399 praeter
1152 4325 1273 4399 linguam
1291 4339 1363 4395 quae,
1385 4322 1450 4377 lieet
1475 4320 1542 4376 satis
1563 4318 1675 4384 exilem,
1695 4317 1762 4373 seii.

94 4409 227 4466 toadluit.
245 4413 294 4478 Qui
315 4430 489 4487 nequaquam
513 4414 647 4470 reveritus
666 4415 819 4471 rectissima
838 4415 901 4471 Om·
952 4420 1035 4475 nebat
1052 4432 1161 4474 sonum.
1177 4413 1262 4484 llujus
1281 4412 1375 4484 inopia
1389 4409 1598 4466 sustentabatur
1620 4409 1763 4464 timorato·
1795 4476 1801 4482 ,

93 4505 244 4576 nipoteutis
254 4508 370 4578 judicia,
387 4527 448 4584 quae
469 4510 521 4566 etsi
536 4511 720 4566 suntocculta
740 4510 900 4583 aliquando,
953 4527 1011 4566 rum
1034 4506 1164 4563 alimonia
1186 4505 1319 4568 tironum,
1352 4503 1399 4575 qui
1426 4503 1510 4558 etiam
1530 4498 1700 4577 tuguriolum
1728 4499 1756 4555 iu

93 4612 204 4669 semper
223 4607 313 4656 tamen
325 4609 390 4657 sunt
400 4603 697 4674 iusta‚comprehensa
713 4602 825 4657 dextera
841 4619 902 4658 mu·
952 4600 1059 4673 porticu
1075 4596 1199 4652 basilicae
1213 4594 1266 4651 loci
1278 4592 1367 4666 ipsius
1383 4591 1435 4649 sibi
1460 4599 1687 4658 construxerant;
1711 4590 1760 4646 ubi

93 4688 168 4743 lieris
186 4690 230 4745 cui
245 4699 343 4762 pecten
355 4693 513 4761 inheserat,
530 4693 665 4750 violenter
677 4692 848 4748 extrahendo
858 4692 902 4747 di·
952 4700 980 4749 et
998 4707 1047 4763 per
1059 4704 1206 4744 numerosa
1221 4703 1357 4743 annorum
1378 4685 1514 4741 curricula
1534 4685 1620 4740 instar
1630 4682 1762 4758 glomeris

92 4778 201 4834 scussit.
952 4781 1093 4836 insolutus
1114 4776 1257 4846 decubuit,
1285 4776 1327 4832 vix
1349 4775 1431 4831 etiam
1461 4774 1582 4847 liquidas
1610 4771 1762 4829 sorbitiun-

129 4872 192 4929 Cne.
212 4875 324 4932 xxxiv.
341 4907 375 4916 -
397 4878 551 4934 Translatt'e
576 4877 652 4933 dicta
676 4878 829 4933 tumulatio.
856 4878 902 4931 Vc·
952 4874 1028 4930 culas
1052 4887 1100 4928 ore
1117 4870 1212 4926 valens
1230 4868 1353 4945 ligurire,
1379 4867 1546 4923 necessitate
1566 4880 1677 4938 quoque
1692 4863 1764 4919 rele-

91 4971 149 5022 tnm
163 4969 290 5024 candele.
307 4968 393 5033 Quem
407 4971 545 5026 Britouem
560 4970 635 5026 illico
651 4970 772 5027 vindicta
787 4969 899 5040 superni
951 4965 1033 5021 arandi
1049 4963 1112 5030 alvi,
1130 4980 1145 5018 a
1166 4961 1225 5017 loco
1246 4961 1379 5016 inlocum
1395 4959 1504 5035 digredi
1519 4972 1695 5029 nequaquam
1709 4970 1762 5026 po-

91 5060 196 5118 ludicis
209 5079 259 5135 pro
274 5081 323 5120 sua
348 5065 470 5137 superba
492 5065 645 5121 temeritate
658 5064 758 5121 merito
772 5063 900 5135 perculit.
951 5067 1022 5117 lens.
1037 5058 1184 5114 bliserante
1212 5056 1294 5129 igitur
1309 5054 1513 5137 omnipotentia
1532 5051 1678 5109 clementis
1704 5049 1762 5104 Sal·

91 5152 206 5210 Dextera
230 5157 351 5229 denique
367 5158 438 5228 ejus,
459 5174 598 5230 quaecum
622 5157 754 5214 violentia
769 5164 900 5228 pectene
950 5151 1064 5219 vetoris,
1079 5147 1293 5223 suffragantibus
1317 5161 1383 5202 xero
1402 5144 1490 5201 Patris
1517 5143 1603 5201 nostri
1629 5140 1761 5214 beatique

128 5308 181 5379 (ott)
198 5311 341 5369 Posennus
355 5323 469 5370 vocatur
488 5315 515 5369 in
536 5313 674 5369 Andreani
697 5314 760 5368 libri
773 5312 900 5369 tersione
953 5313 1029 5368 Visis
1048 5306 1121 5378 quod
1134 5305 1234 5372 martit,
1249 5303 1401 5374 compulsas
1415 5301 1544 5372 pendae,
1560 5299 1682 5372 pandis.-

90 5381 204 5436 metrica
220 5398 270 5452 par
288 5382 450 5452 Tortnrium,
466 5386 513 5460 qui
539 5387 622 5456 buius
633 5385 721 5442 sancti
738 5385 899 5442 miraculum
985 5384 1123 5437 laceratum
1138 5391 1215 5431 sacro
1226 5375 1355 5430 conditur
1368 5377 1398 5429 in
1412 5374 1538 5454 temate*⁸
1583 5443 1588 5453 ι
1737 5441 1742 5452 Ι

90 5458 118 5507 et
135 5451 322 5510 incentionem
340 5457 477 5514 eleuauit.
986 5451 1040 5523 t30)
1064 5449 1186 5504 Andreas
1203 5446 1354 5502 monachus
1373 5445 1555 5500 floriacensis
1571 5442 1674 5498 librum
1690 5456 1759 5496 sen·

87 5527 212 5596 Corpore,
228 5525 513 5602 Constantt,2deisocro
524 5531 648 5585 Posenm'.
949 5525 1004 5597 psit
1025 5525 1062 5578 be
1083 5518 1224 5575 miraculis
1231 5517 1327 5599 =sancti
1343 5515 1500 5578 Benedicti,
1512 5531 1551 5569 ex
1564 5510 1767 5566 <licostene-

124 5597 172 5652 Bi‘
183 5599 310 5666 monitus,
324 5602 420 5672 flagro
434 5603 513 5660 lertio
526 5602 682 5672 comperte.
951 5594 1145 5657 screationum
1155 5603 1332 5664 praetactum
1341 5601 1429 5640 nem.
1438 5584 1497 5638 ab.
