3720 6014
128 217 181 275 8³1
254 228 263 248 ·
496 218 668 275 statuenti
688 188 1177 275 ccuucscunsrs'rutcbuntbn
1196 214 1239 272 be
1259 217 1287 275 S.
1309 214 1424 272 tutuo.
1654 271 1661 279 .
1745 215 1801 272 832

130 349 177 422 qui
197 363 244 403 eas
257 364 288 403 ex
304 349 397 405 Sancti
407 348 543 405 Vincenlii
557 348 729 404 monasterio
744 347 860 418 accepit,
873 347 914 402 uti
929 360 981 402 nos
997 344 1098 402 docent
1111 345 1354 419 lintburgensium
1381 346 1576 402 monachornm
1594 348 1645 402 bac
1662 346 1699 401 de
1714 362 1745 401 rc
1761 345 1803 401 lit-

131 428 206 485 tum,
222 435 292 491 qaus
305 420 357 474 boc
372 420 432 476 loco
446 421 548 475 reterre
565 436 621 475 non
635 419 755 495 pigebit:
772 419 913 476 Ganabitis
933 418 1004 473 beuti
1032 419 1166 472 Vincentia·
1178 424 1203 472 et
1218 420 1323 475 Sancta
1341 421 1442 482 Lucia,
1457 421 1542 473 crinea
1559 420 1661 473 scilicet
1678 421 1729 473 bei
1743 418 1800 472 cle-

130 496 187 545 ctoe.
208 493 413 558 Liritlrurpcnsis
427 493 538 548 eoerrobii
556 508 625 559 prese
639 492 765 562 pusillus,
782 491 878 557 elianus
899 490 1050 557 &efacere
1070 490 1185 556 fructus.
1203 491 1306 558 Planus
1326 492 1504 560 reliquiarum
1538 496 1639 545 sanctie
1662 491 1803 556 martyris

130 562 220 618 Lucia
233 566 336 617 noceat
348 569 434 619 rostra
446 566 608 633 fraternitas
623 579 670 618 rios
685 565 758 619 omni
771 566 891 632 pretiosa
904 563 1058 629 margarita
1067 561 1213 616 amabilius
1227 562 1380 631 possideree
1397 562 1441 616 sat
1456 577 1508 632 quo
1530 562 1608 616 arada
1625 567 1651 616 ct
1665 562 1800 631 aquibus

128 636 252 702 personis
267 635 304 687 acl
314 650 362 689 rios
377 637 541 690 translatam
560 638 606 701 sit,
623 639 695 689 certa
708 635 783 689 uobis
792 636 863 688 ratio
877 648 926 702 pra
940 637 1034 688 nostra
1052 634 1220 701 experientia
1231 634 1346 703 patebit.
1364 635 1436 687 atra
1446 636 1582 687 memorie
1596 633 1714 687 darnrrus
1729 633 1803 688 uon-

132 705 218 759 radus
233 707 393 774 imperator,
409 722 468 762 curn
483 707 597 777 corijupe
615 721 665 760 sua
677 704 762 769 Gisia,
783 704 970 759 (beatissimus
992 706 1078 758 nostri
1092 703 1143 757 loci
1169 706 1273 758 castitil
1286 704 1420 770 fundator
1443 709 1525 774 atoue
1545 709 1730 766 constructor:
1748 719 1803 773 qun

131 776 222 831 adbuc
235 778 347 841 niumm,
367 783 458 848 cripta
470 783 495 833 rt
509 778 633 848 madum
642 779 801 831 moriostrrii
813 777 916 831 altaria
929 779 993 829 sunt
1003 775 1138 829 dedicata.
1155 777 1194 830 Eo
1208 781 1297 830 aulem
1310 791 1345 830 ee
1359 777 1408 829 liar
1420 776 1478 829 luce
1490 780 1634 843 mioranlr,
1646 791 1712 830 curn
1723 776 1802 844 filius

132 848 192 916 ejus
209 845 349 902 banacas
360 850 478 904 camitem
493 851 579 905 lomim
592 851 742 905 aaarniaus
756 847 874 903 studiose
883 846 1208 916 reparaverit,plerisquc
1218 851 1373 903 sanctorum
1383 849 1506 916 reliquas
1518 848 1596 913 lonae
1606 848 1715 916 lateque
1730 862 1801 900 cun-

58 986 61 992 ·
131 921 263 986 preputis,
279 923 359 973 etiam
373 924 474 975 sancte
487 923 577 976 buciae
590 920 762 975 bracbiuma
777 919 948 984 Theoderico,
962 917 1075 972 secundo
1094 919 1229 974 Mettuisis
1241 919 1367 973 Eccbsice
1382 920 1517 989 pontifice,
1536 921 1634 987 petiuit
1658 923 1684 972 et
1711 921 1802 987 impe·

131 994 223 1044 travit.
238 991 293 1056 Quo
307 992 408 1058 alnas,
429 994 488 1062 ipso
502 992 617 1062 praesule
631 991 773 1058 miserente,
789 990 932 1047 translata,
947 990 1041 1055 terant
1055 988 1092 1042 aat
1116 991 1366 1058 comprobationem,
1392 992 1417 1044 si
1436 991 1520 1044 Lucia
1543 990 1695 1044 Siciliensis
1715 993 1800 1053 esset,

132 1076 192 1114 curn
212 1062 242 1114 td
256 1078 274 1116 u
288 1064 400 1118 Domino
411 1064 535 1132 precibus
547 1068 723 1133 quereretur,
739 1063 876 1122 sianoram
891 1060 1001 1119 iudiciis
1020 1060 1196 1114 declaratum.
1213 1061 1267 1116 Sed
1289 1066 1313 1115 el
1326 1062 1452 1115 tencteros
1465 1076 1512 1128 per
1524 1061 1583 1130 eius
1597 1061 1798 1130 opitulationes

132 1132 281 1187 multarum
291 1136 361 1202 parit
376 1137 566 1203 infirmitatum
573 1137 733 1189 curationes.
752 1133 839 1201 liujus
853 1132 951 1186 additu
960 1133 1140 1196 ueneratione,
1153 1136 1272 1187 austrum
1280 1133 1407 1202 templum
1416 1135 1446 1186 in
1459 1133 1664 1187 horroresanctur
1673 1133 1803 1186 crucisrt

133 1209 230 1258 sancte
245 1206 341 1259 Maria
354 1222 458 1276 semper
471 1208 599 1274 cirpiais,
619 1211 645 1260 et
670 1206 756 1260 sancti
770 1205 882 1257 taaauis
895 1203 1064 1270 eranpelistar
1091 1207 1129 1257 cst
1148 1204 1310 1258 dedicatum.
1329 1208 1366 1259 lte
1380 1203 1457 1274 cujus
1470 1206 1552 1270 pestis
1575 1220 1629 1258 rian
1640 1210 1706 1258 suat
1723 1204 1803 1258 rrabis

133 1275 181 1328 atti
194 1291 335 1342 sermones,
346 1282 458 1346 eremita
471 1279 546 1332 itlius
559 1278 608 1331 nib
618 1277 762 1331 Prucbosio
774 1275 929 1343 proconsule
936 1276 1071 1344 passione.
1087 1274 1184 1341 Quom,
1195 1279 1226 1328 ut
1234 1275 1426 1344 spopondistis,
1441 1277 1548 1329 metrice
1560 1277 1737 1344 compositam
1752 1290 1799 1329 no-

134 1345 174 1400 bis
191 1350 373 1402 transmittec
385 1348 545 1416 dipricmiui,
558 1346 812 1415 utilliasproeclari
825 1348 1021 1414 participemur
1034 1345 1167 1416 opusculi,
1184 1346 1263 1415 cajus
1279 1363 1334 1401 arm
1349 1346 1483 1402 uobiscum
1506 1348 1617 1415 pretiosi
1635 1360 1803 1416 composses-

133 1432 204 1472 sores
223 1434 315 1472 sirmas
329 1420 491 1489 corpusculi.
514 1421 606 1474 Valete
624 1421 654 1473 iri
668 1420 789 1482 uimine,
797 1417 900 1484 fratres
913 1417 1094 1481 dilectissimi,
1109 1421 1209 1472 sanctae
1228 1419 1319 1472 Lucia
1332 1423 1356 1472 et
1372 1421 1490 1473 omnium
1504 1422 1661 1472 sanctornm
1675 1419 1804 1487 pruritus

134 1488 235 1556 (cajati.
252 1510 263 1537 r
285 1489 420 1544 ttnclenns
433 1489 550 1565 epistola
566 1487 817 1564 lintburgensium,
834 1504 868 1542 ex
883 1487 977 1542 codice
997 1487 1089 1542 Sancti
1106 1487 1242 1542 vincentii
1259 1505 1274 1543 a
1290 1490 1370 1544 nobis
1386 1496 1473 1543 eruta.
1490 1488 1596 1557 Scripta
1610 1498 1652 1543 est
1663 1498 1729 1559 post
1745 1488 1801 1542 ini-

133 1558 205 1613 tium
221 1560 314 1613 saecuti
332 1560 500 1623 duodecimi,
512 1577 567 1632 quo
583 1568 706 1631 tempore
722 1559 890 1631 sigebertus,
907 1557 1114 1613 Gemblncensis
1130 1561 1290 1624 inonachus,
1308 1561 1355 1632 qui
1372 1560 1477 1615 litteras
1491 1559 1565 1630 apud
1585 1559 1718 1615 Sanctum
1735 1559 1803 1613 Vin-

134 1630 256 1683 centium
269 1630 370 1694 (locuit,
387 1633 524 1702 rhytmum
540 1633 575 1687 de
594 1640 687 1686 sanctu
704 1631 785 1685 Lucia
802 1630 967 1701 composuit,
988 1630 1068 1698 cujus
1081 1630 1189 1702 copiam
1209 1632 1261 1686 buc
1276 1631 1392 1702 epistota
1408 1631 1546 1703 postulant
1569 1630 1800 1706 lintburgenses.

138 1699 195 1754 tluc
215 1711 320 1771 spectat
334 1702 469 1774 Sigcberti
484 1718 579 1759 sersus
593 1702 739 1775 rhythmici
752 1701 799 1774 qui
815 1711 977 1773 sequuntur.

687 1831 739 1884 Pro
753 1833 806 1883 tam
823 1830 904 1884 beata
915 1831 1028 1900 pianum
1042 1831 1158 1898 uirpinis

688 1920 721 1976 Se
733 1921 887 1988 aloriantur
904 1921 1053 1990 participes
1067 1921 1125 1986 tore

759 2013 791 2066 tn
806 2011 932 2066 laudibus
948 2011 1054 2068 umisa
1072 2012 1201 2067 uerrendis

758 2103 882 2158 Ecclesia
893 2103 1008 2173 peracti
1022 2105 1168 2175 Spirensis.

694 2201 728 2253 Te
741 2199 801 2252 dico
815 2192 963 2252 Lintburcli
982 2196 1087 2247 nomiae
1101 2194 1212 2260 nobilis,

688 2285 817 2340 Furidatu
826 2286 928 2339 summi
945 2284 1057 2340 seruilio
1068 2285 1171 2348 Patris,

762 2375 845 2428 itanu
859 2371 1002 2429 culturali
1020 2376 1190 2444 imperanti,

756 2464 881 2532 lpsiuset
901 2462 991 2518 dieitur
1006 2467 1114 2536 lupatis

691 2556 756 2610 dum
774 2556 860 2609 multu
874 2559 978 2610 comant
996 2556 1112 2611 ecclcsiae
1125 2557 1216 2620 meris,

695 2645 760 2713 Oria
774 2647 854 2714 larpa
869 2662 959 2715 remam
969 2649 1118 2705 contulerat
1130 2667 1229 2706 manus

761 2742 788 2795 N
790 2740 810 2794 il
829 2742 985 2810 tempium,
999 2744 1040 2796 nil
1058 2747 1114 2799 tam
1129 2744 1252 2799 decumum

759 2834 833 2887 later
844 2833 936 2900 opima
950 2836 1021 2886 lencs
1036 2832 1176 2897 boicarum,

693 2923 780 2988 Qiram
794 2927 890 2978 saneta
903 2926 1002 2978 sancta
1012 2923 1130 2990 pipnaru
1149 2922 1278 2989 rrirpiais,

693 3015 780 3081 Quam
795 3015 875 3070 laude
889 3015 1026 3070 nobiscum
1042 3010 1139 3065 celebri
1146 3010 1211 3065 colis
1227 3028 1235 3064 :

768 3108 820 3160 Vas
841 3107 952 3161 bractio
966 3107 1050 3160 Lucia
1065 3105 1130 3169 sala,

766 3194 884 3266 Corpore
897 3211 944 3250 nos
958 3200 1050 3250 sacrat
1063 3196 1126 3264 ipso
1141 3198 1204 3249 toto.

591 3272 598 3283 ’
701 3286 836 3341 Vobisbuc
851 3284 1066 3355 Herrricbjuaior
1080 3286 1185 3352 attulit,

695 3374 777 3432 Nobis
793 3375 925 3431 Deodm'cb
934 3377 1031 3445 junior
1044 3376 1172 3440 abstutit;

765 3465 906 3532 Aupustus
920 3466 1037 3521 ilenrictr
1056 3467 1200 3534 plurimus,

765 3556 949 3627 necarentque
962 3556 1032 3611 stola
1045 3555 1168 3610 decorus.

182 3642 211 3694 bi
228 3641 254 3694 in
273 3642 326 3697 linc
342 3653 437 3700 nirctor
454 3663 459 3698 :

694 3741 792 3805 bricia,
804 3745 911 3806 martyr
924 3740 1006 3807 furtis
1026 3744 1051 3794 et
1065 3739 1177 3808 inclyta,

694 3834 792 3899 Lucia,
803 3835 880 3900 cirac
894 3832 993 3888 nobilis
1008 3833 1100 3901 cipio.

766 3926 808 3979 lie
822 3939 865 3978 me
874 3925 1008 3980 misellum
1023 3924 1190 3992 Sipebertum

768 4016 889 4070 lictrabe
903 4016 938 4070 ab
948 4015 1056 4084 iuribus
1068 4015 1229 4082 inferorum.

364 4407 979 4537 FRAGMENTUM
1022 4410 1137 4536 DE
1180 4411 1252 4536 S.
1298 4409 1593 4536 LULLO

288 4640 375 4711 (Apud
399 4640 509 4696 Manius.
544 4645 615 4697 Acta
636 4642 683 4699 SS.
711 4642 777 4699 Orat.
803 4643 822 4699 S
861 4644 968 4710 Barca„
997 4651 1062 4699 tom.
1087 4644 1129 4710 tv,
1156 4659 1219 4717 pag.
1245 4642 1313 4709 392,
1342 4642 1369 4696 in
1398 4641 1492 4715 Elegio
1518 4641 1544 4696 S.
1577 4642 1667 4713 tulli.)

181 4921 265 4975 bitem
276 4917 503 4988 dejurisdiclionc
516 4920 670 4975 monasterii
685 4919 826 4976 Frrtdensis
838 4920 948 4976 brittam
962 4920 1035 4975 iatcr
1048 4923 1073 4973 et
1089 4919 1238 4975 Starmium
1252 4917 1375 4973 abbatem
1388 4919 1579 4983 intercessisse,
1601 4933 1648 4973 acc
1664 4924 1817 4976 contentio·

145 4992 176 5045 ai
189 4991 267 5046 bilem
281 4991 408 5055 defuisse,
420 4995 451 5044 ut
461 4992 492 5060 tlt
503 4993 532 5044 in
547 4991 682 5045 sumtibus
696 5006 795 5054 causis,
809 5007 925 5061 pronum
944 4995 983 5046 cst
997 4991 1111 5046 credere.
1130 4992 1164 5045 Et
1175 4990 1239 5044 diem
1253 4989 1398 5045 'Sturmius
1413 4989 1481 5056 jura
1494 4991 1652 5043 monasterii
1669 4994 1714 5044 sui
1728 5009 1746 5045 a
1761 4995 1817 5049 lia·

145 5067 234 5117 manis
248 5064 418 5131 pontificibus
434 5077 565 5126 currcessa,
576 5078 670 5130 repam
682 5065 841 5117 ‹ructaritute
856 5066 975 5126 arcuatia,
989 5067 1096 5116 strenue
1108 5064 1277 5131 proprepant,
1287 5066 1379 5114 crarta
1387 5063 1461 5115 inter
1471 5076 1498 5115 sc
1509 5076 1622 5129 serasque
1634 5062 1814 5124 dissensione,

144 5149 211 5203 pars
230 5134 307 5188 Lutto
319 5134 525 5202 metropolitano
539 5133 669 5199 blasiani,
684 5136 800 5189 cimbia
814 5135 934 5190 Sturmio
944 5135 1084 5203 amouere.
1106 5133 1169 5199 Quoe
1191 5132 1236 5186 illc
1250 5131 1314 5186 dum
1328 5135 1411 5186 nimis
1426 5133 1551 5186 credulus
1566 5133 1650 5200 (qaod
1661 5135 1761 5188 uitium
1782 5138 1813 5189 iu

146 5205 264 5259 homines
279 5209 419 5259 commutas
433 5205 514 5271 facilc
526 5204 610 5273 cadit)
624 5206 659 5257 ad
673 5221 761 5272 repam
776 5205 873 5272 desert,
887 5205 999 5260 ineidioe
1017 5211 1109 5257 rictam
1123 5203 1197 5274 apud
1212 5203 1326 5257 Slurmii
1345 5205 1444 5258 amicos
1460 5209 1483 5256 et
1499 5203 1654 5258 laudatores
1670 5207 1776 5270 retulit,
1790 5215 1815 5260 ct

146 5277 268 5342 forsitan
279 5277 311 5330 ab
322 5277 390 5330 baruc
406 5291 517 5329 criticam
532 5275 699 5330 matcaudiit
713 5277 787 5346 apud
806 5277 962 5332 adrianum
979 5290 1092 5345 papam.
1113 5277 1210 5330 Verum
1225 5276 1301 5342 turpe
1313 5275 1393 5328 aliter
1407 5274 1439 5328 de
1454 5275 1501 5327 boc
1515 5276 1587 5341 tacto
1603 5279 1687 5330 sensit
1707 5293 1815 5345 irrecup-

145 5361 204 5400 mus
219 5347 449 5411 dommuccensis,
469 5348 538 5402 Vita
560 5348 675 5400 lullanae
689 5351 814 5418 scriptor,
832 5364 908 5418 qaam
923 5347 1098 5414 Sipebertam,
1111 5348 1169 5416 ejus
1182 5347 1234 5400 toci
1246 5347 1416 5412 monachum,
1430 5360 1485 5400 essa
1498 5348 1630 5414 suspicor,
1642 5351 1692 5416 qui
1704 5351 1814 5417 reposi-

145 5420 175 5470 ta
190 5419 368 5473 transtatione
381 5420 499 5489 corporis
515 5418 543 5473 S.
557 5419 695 5485 Bonitacii
709 5420 736 5472 in
755 5419 886 5475 Futrtarse
903 5423 1106 5484 merresta-ium,
1124 5420 1177 5472 bac
1197 5419 1286 5472 stridit
1302 5437 1310 5470 .·

104 5572 111 5581 =
183 5542 229 5594 tiis
245 5541 327 5599 rebus
342 5545 414 5601 benc
426 5545 608 5601 exsertantia
624 5546 720 5618 gestis,
735 5546 961 5618 archiepiscopus
971 5558 1081 5600 omnem
1093 5558 1206 5615 operam
1223 5556 1299 5595 curun
1316 5539 1342 5594 in
1358 5538 1449 5595 locum
1461 5538 1550 5609 ipsum
1564 5537 1693 5594 intendit.
1711 5539 1812 5596 terrim

146 5648 179 5686 cn
199 5629 281 5704 longe
295 5634 373 5691 aliter
383 5654 465 5709 qnam
480 5637 541 5708 ipsc
560 5651 610 5708 spe
629 5644 803 5708 conceperat,
815 5653 933 5694 cessere.
950 5639 1016 5695 Nam
1030 5638 1149 5694 Sturmio
1166 5637 1278 5709 quidam
1300 5634 1411 5691 nuntiae
1426 5641 1492 5689 tunc
1508 5640 1625 5704 ,irruerat
1641 5634 1812 5692 monasterio
