3720 6014
127 186 198 244 f075
742 189 769 242 B.
792 186 910 243 obedis
932 185 1050 242 cadet.
1072 185 1171 242 EPlSC.
1724 180 1794 237 tutu

129 316 277 391 privatoria
292 314 437 386 particula,
452 314 524 370 sicut
539 315 659 383 habitus,
682 323 711 371 ut
732 317 844 384 malurn,
859 318 931 374 sicut
941 325 970 394 Α
982 332 1033 390 pro
1047 317 1098 373 bac
1110 318 1287 388 oppositione
1298 317 1532 380 movebitur,nam
1544 316 1605 371 sine
1616 314 1727 381 babitu,
1741 331 1796 371 nec

127 407 244 472 bonum,
264 407 385 458 tenebra
397 403 467 459 sicut
481 403 538 472 lux,
554 405 663 461 cecitas
677 406 796 473 utrisne,
808 414 838 463 ut
849 407 930 464 casti·
983 409 1049 474 dici,
1065 425 1117 465 nec
1133 408 1250 485 intelligi
1271 415 1363 480 potest
1374 408 1501 480 privatio,
1516 423 1569 463 nec
1585 408 1662 463 aliud
1676 415 1720 461 est
1735 407 1796 477 pri·

129 501 170 548 ¹³⁵
184 491 340 549 f⁰f¹¹f⁰lff⁰·
359 490 391 547 Εῑ
403 491 530 563 (flamiis
543 494 671 549 essesslfae
683 495 800 564 PlfvflliO
818 510 873 550 ¹10ss
883 511 933 568 Op·
984 504 1055 560 vatio
1081 518 1164 575 quarn
1192 501 1290 573 privati
1306 500 1435 568 remotio,
1455 507 1486 556 ut
1505 500 1651 572 injustitia,
1664 500 1794 568 justitia.

130 581 209 654 1³⁰ssst
235 580 396 648 essentiam,
417 581 482 652 quia
500 580 650 653 Psillfifflli
670 598 726 638 ⁰0¹¹
749 588 790 638 0⁸²
802 585 931 654 essentia,
985 597 1049 653 Cum
1061 609 1126 667 ergo
1142 608 1191 664 pre
1208 592 1342 662 iniustitia
1357 592 1496 663 punimur,
1517 608 1567 663 pro
1587 593 1698 664 justitia
1712 592 1797 662 prmi-

129 677 222 725 lumen
238 667 402 741 privationis
415 683 516 724 nomen
543 668 681 742 Significat
703 671 862 737 essentiam,
886 675 935 730 sed
984 683 1181 750 murdeserlag
1197 682 1245 739 sed
1261 689 1303 738 est
1321 682 1424 754 afqufd
1442 682 1558 752 justitia,
1577 683 1712 755 punimur
1726 697 1796 756 ergo

129 757 249 824 habitus,
265 772 320 813 ⁰⁰¹¹
342 772 431 812 suam.
444 758 519 813 ldfflll
536 773 602 833 &3⁰
612 758 750 834 Signififflf
763 776 864 817 ⁰⁰1⁰?ss
878 778 911 834 pr
913 763 934 816 f·
986 774 1152 849 proaliquo.
1172 775 1203 830 Ut
1218 790 1280 830 cum
1296 773 1431 846 injustitia
1446 773 1515 828 nihil
1529 773 1639 840 dicitur,
1656 774 1686 829 iu
1706 791 1741 829 ea
1756 783 1797 827 ta·

129 851 257 917 Vssflffllis,
282 858 310 907 el
342 866 443 907 ¹¹0m011
471 851 591 909 habitus·
617 853 672 910 Sed
698 870 799 911 nomen
825 855 935 912 habitus
986 882 1050 921 men
1064 863 1170 937 aliquid
1185 863 1358 938 intelligitur,
1375 879 1424 935 pro
1447 880 1501 936 quo
1516 864 1647 936 punimur
1663 863 1731 936 quia
1746 864 1797 918 de-

129 959 222 1010 Sffllffl,
249 957 350 999 n⁰¹¹¹&ss
377 957 443 999 V0l0
471 943 633 1016 Pllvafifflllss
657 944 795 1019 Significat
813 947 933 1003 alienum
985 955 1096 1022 seritur,
1112 954 1243 1027 punimur
1257 969 1323 1027 ergo
1339 969 1388 1025 pro
1401 952 1508 1022 justitia
1528 969 1611 1025 quam
1625 952 1796 1008 descrimus.

132 1052 245 1104 nomen,
267 1036 375 1092 babitus
390 1037 536 1093 essentiam
551 1054 629 1094 suam
642 1039 780 1114 significat
793 1043 934 1112 ponendo,
988 1045 1083 1116 ltaque
1098 1051 1126 1100 et
1141 1042 1259 1115 privatio
1270 1041 1340 1097 nilril
1355 1050 1407 1110 est,
1421 1048 1460 1109 et,
1477 1057 1537 1098 cum
1548 1058 1597 1114 pro
1609 1057 1642 1097 ea
1653 1041 1798 1113 punimur,

132 1147 233 1189 nomen
249 1131 410 1203 privationis
428 1131 565 1207 significat
585 1133 657 1189 idem
684 1136 861 1204 removendo,
883 1152 934 1193 ue·
988 1153 1038 1211 pro
1056 1153 1091 1193 co
1102 1136 1232 1208 punimur
1244 1134 1319 1206 quod
1331 1133 1435 1206 aliquid
1448 1141 1497 1189 est.
1512 1133 1703 1203 Etjustissime
1714 1134 1798 1204 punit

132 1238 196 1278 men
217 1221 327 1278 habitus
337 1221 412 1294 quod
427 1221 566 1298 intelligas
579 1223 670 1292 ebert,
682 1239 783 1281 nomen
804 1226 936 1297 privatio·
988 1237 1088 1302 sponte
1100 1229 1237 1284 desertam
1253 1226 1301 1299 qui
1316 1225 1394 1280 dedit
1408 1241 1467 1281 eam
1485 1240 1596 1296 semper
1610 1225 1796 1290 servandam

135 1316 179 1370 nis
194 1315 268 1387 quod
282 1315 416 1391 intelligis
431 1315 529 1372 aufert.
547 1317 592 1373 Est
606 1333 671 1394 ergo
700 1320 863 1391 privationis
884 1337 936 1378 uo·
988 1325 1067 1398 punit
1082 1323 1195 1396 quidem
1219 1338 1269 1393 pro
1290 1320 1407 1391 justitia,
1435 1336 1490 1377 non
1506 1321 1570 1377 ideo
1586 1321 1661 1392 quod
1677 1321 1799 1376 liabetur

133 1425 197 1463 men
212 1408 422 1483 significativum
447 1411 574 1483 alicujus,
596 1414 646 1468 sed
668 1430 724 1471 non
743 1431 800 1472 suae
820 1415 871 1483 rei,
889 1418 937 1473 sed
987 1419 1037 1475 sed
1050 1416 1124 1490 quod
1138 1432 1193 1472 non
1208 1415 1338 1481 babetur;
1366 1429 1422 1470 non
1446 1413 1509 1470 ideo
1529 1414 1604 1485 quod
1624 1414 1717 1479 adest,
1748 1414 1798 1468 scd

133 1500 246 1558 alterius
261 1517 344 1574 quam
359 1501 496 1578 siguificat
506 1503 617 1575 privari.
989 1507 1062 1579 qnod
1075 1505 1163 1561 abest.
1180 1503 1235 1558 Sed
1249 1503 1346 1558 abesse
1359 1502 1506 1574 justitiam,
1525 1511 1567 1558 est
1580 1501 1727 1571 iniustitia.
1746 1502 1800 1574 lgi-

376 1600 499 1669 epicopus
513 1604 692 1670 superiorum.
989 1612 1034 1658 tur
1045 1598 1176 1670 iustitiam
1189 1613 1244 1652 nen
1259 1611 1321 1651 esse
1334 1595 1382 1651 ubi
1402 1595 1486 1650 debet
1504 1610 1576 1663 esse,
1593 1603 1635 1650 est
1650 1593 1797 1664 injustitia.

173 1685 208 1739 Er
225 1685 373 1757 praemissis
391 1701 458 1760 ergo
477 1686 569 1762 colligi
583 1696 673 1760 potest
686 1692 752 1764 quia
768 1693 796 1748 in
810 1693 869 1750 solo
882 1696 939 1766 spi·
953 1671 978 1740 Β
991 1691 1046 1747 Sed
1069 1689 1204 1759 justitiam
1230 1700 1285 1742 nen
1306 1700 1378 1751 esse,
1412 1684 1458 1739 ubi
1487 1684 1571 1739 debet
1586 1698 1661 1752 esse,
1685 1683 1800 1738 necubi

136 1776 188 1830 ritu
198 1775 325 1830 rationali
336 1775 438 1830 malum
452 1782 505 1843 est,
521 1794 573 1834 nec
587 1787 629 1834 est
644 1796 688 1837 res
703 1780 731 1835 in
746 1781 879 1852 subjecto,
891 1784 941 1840 sed
991 1799 1047 1841 non
1062 1780 1147 1837 debet
1161 1794 1233 1846 esse,
1248 1775 1386 1854 significat
1413 1792 1483 1832 esse.
1506 1776 1575 1849 Ergo
1590 1791 1643 1831 nec
1664 1775 1801 1844 injustitia

137 1871 253 1945 privatio
269 1872 309 1927 rei
324 1887 338 1925 a
353 1872 487 1942 subjecto.
504 1873 612 1931 Etcum
631 1876 659 1931 in
672 1878 813 1934 voluntate
839 1880 941 1935 malum
990 1870 1129 1946 significat
1156 1884 1227 1938 esse,
1249 1867 1316 1940 quia
1339 1872 1445 1922 lanium
1472 1875 1555 1940 negti
1570 1863 1707 1934 justitiam
1729 1879 1800 1926 esse.

137 1962 207 2018 dicis
234 1977 306 2026 esse,
323 1977 380 2019 nou
396 1962 433 2017 ibi
460 1963 531 2022 dicis
549 1967 654 2040 aliquid
682 1985 754 2038 esse,
770 1969 818 2025 sed
835 1977 940 2027 tantum
992 1960 1118 2035 quamtis
1133 1973 1188 2014 non
1209 1957 1262 2011 niti
1276 1955 1325 2012 ubi
1341 1955 1424 2011 debet
1437 1969 1508 2010 esse.
1533 1956 1565 2010 dt
1580 1953 1719 2025 injustitia
1737 1953 1803 2026 quid

138 2051 209 2107 dicis
222 2051 259 2106 ibi
274 2052 378 2108 bonum
392 2067 447 2110 non
461 2068 534 2122 esse,
550 2055 597 2111 nbi
612 2057 696 2114 debet
711 2073 782 2114 osse.
794 2059 825 2115 Et
839 2061 943 2115 bocest
992 2061 1078 2126 ponat
1091 2066 1151 2109 csse
1165 2050 1260 2106 dicito.

137 2144 220 2216 plane
239 2144 353 2212 malurn,
362 2144 400 2200 ibi
412 2160 467 2201 non
487 2149 677 2216 essebonum,
693 2149 741 2206 ubi
759 2150 843 2207 debet
869 2167 942 2219 esse,
1135 2147 1160 2195 θῑ
1171 2139 1291 2208 Philum
1306 2139 1378 2193 solus
1392 2136 1495 2194 'uffew-

115 2304 118 2309 .
139 2234 204 2308 quia
217 2233 354 2305 injustitia
370 2240 412 2291 est
423 2235 557 2305 iustitiam
574 2253 628 2293 non
638 2253 698 2295 esse
714 2239 762 2295 ubi
776 2239 859 2296 debet
871 2256 941 2308 esse,
1291 2230 1377 2302 (V1l⁰·
1393 2232 1495 2298 Buwle
1511 2228 1599 2303 00108·
1615 2228 1753 2296 ¹¹1if08d

140 2335 243 2382 etcum
258 2326 389 2396 injustum
406 2343 467 2384 csse
482 2327 530 2400 qui
548 2344 604 2385 non
624 2340 665 2386 est
679 2331 769 2401 justus
783 2348 845 2388 curn
861 2332 944 2389 debet
1068 2329 1139 2393 Quod
1150 2329 1181 2383 de
1195 2324 1434 2383 miserentibus
1448 2323 1578 2378 dicuntae
1590 2326 1724 2378 essentum.

140 2434 214 2475 csse.
229 2417 299 2483 Quid
322 2418 395 2475 enim
411 2421 513 2478 rectius
533 2421 587 2478 dici
605 2428 696 2495 potest
715 2440 798 2496 quam
812 2423 890 2481 illum
905 2427 946 2482 in·
1031 2420 1084 2476 Sed
1100 2417 1171 2475 forte
1184 2418 1246 2489 quis
1258 2415 1337 2472 dicit:
1355 2413 1517 2483 injustitiam
1529 2419 1603 2468 certe
1619 2412 1806 2483 privationem

138 2513 242 2581 justum
253 2527 314 2568 esse
333 2512 381 2584 qui
395 2512 488 2568 doum
501 2514 635 2586 justitiam
659 2516 747 2573 noluit
761 2526 868 2586 tenere,
883 2534 945 2574 cum
996 2517 1024 2566 et
1038 2508 1209 2582 oppositum,
1220 2513 1247 2561 et
1261 2505 1296 2560 ad
1311 2503 1415 2576 aliquid
1435 2503 1552 2559 dicimus
1567 2517 1646 2569 esse,
1670 2501 1807 2573 privatio·

142 2601 242 2674 potuit,
256 2608 284 2658 et
297 2601 391 2658 datum
410 2604 478 2659 tanti
493 2604 560 2661 boni
575 2613 675 2677 sponte
690 2607 841 2665 deseruit?
998 2618 1062 2659 nem
1075 2617 1153 2668 vero,
1168 2597 1375 2671 cloppositum,
1388 2597 1432 2652 vel
1448 2595 1482 2650 ad
1501 2594 1607 2666 aliquid
1625 2594 1722 2650 nullus
1735 2611 1810 2650 sana

190 2716 262 2778 Quod
275 2716 418 2772 rapimus
431 2724 535 2772 napum
553 2725 702 2788 „mom
716 2733 808 2776 cam,
820 2719 906 2775 gagg,
999 2695 1100 2751 mentis
1127 2691 1242 2767 negabit
1266 2705 1338 2756 esse,
1354 2704 1417 2745 curn
1445 2686 1480 2742 ad
1498 2686 1604 2759 aliquid
1624 2687 1810 2761 generalissi-

480 2791 605 2858 justitioe.
999 2799 1086 2851 mum,
1101 2782 1216 2855 privatio
1227 2797 1292 2837 vero
1307 2780 1417 2851 species
1433 2780 1492 2848 ejus
1507 2778 1635 2833 dicantur
1648 2784 1677 2832 et
1693 2780 1810 2850 opposi-

180 2875 316 2946 dcccpisti
336 2875 480 2944 justitiam,
511 2876 614 2932 bonum
641 2876 809 2949 depositum,
828 2883 856 2933 ct
869 2876 949 2934 valde
1000 2881 1068 2929 tum.
1085 2871 1228 2937 Quomodo
1250 2885 1315 2943 ergo
1337 2868 1440 2924 dicitur
1456 2866 1592 2937 injustitia
1606 2882 1664 2923 non
1679 2882 1756 2934 esse,
1778 2869 1812 2923 dc

143 2966 320 3033 servandum,
334 2973 464 3022 ettamen
484 2967 668 3031 reddendum,
682 2969 747 3040 quia
766 2969 813 3040 qui
828 2969 947 3025 commi·
999 2983 1053 3040 qua
1080 2972 1121 3022 tot
1135 2964 1265 3021 dicuntur
1279 2962 1433 3019 essentia?
1455 2962 1541 3018 Omne
1561 2961 1637 3017 euim
1653 2961 1762 3028 existit,
1778 2963 1813 3017 de

145 3058 181 3113 sit
193 3057 278 3129 exigit
292 3055 459 3128 depositum.
475 3058 521 3113 Vis
539 3059 610 3114 bene
623 3058 760 3115 reddere?
770 3060 845 3115 Bene
859 3075 947 3116 serva.
1000 3075 1055 3132 qno
1078 3058 1179 3113 dicitur
1193 3057 1308 3128 aliquid.
1336 3056 1464 3128 Alioquin
1491 3055 1526 3110 do
1553 3069 1586 3110 ee
1601 3054 1678 3126 quod
1700 3063 1815 3111 nonest

146 3148 253 3212 Quanto
285 3145 373 3220 magis
401 3146 534 3214 servabis,
563 3153 639 3204 tanto
667 3149 755 3222 magis
776 3148 886 3205 reddes.
918 3148 951 3204 Et
1001 3150 1107 3223 aliquid
1120 3148 1175 3204 dici
1192 3155 1289 3220 potest.
1306 3147 1384 3203 Certe
1402 3162 1457 3203 non
1475 3152 1564 3218 potest
1588 3161 1640 3216 per
1658 3152 1815 3201 consuetu-

146 3244 249 3312 quanto
264 3239 351 3310 magis
366 3238 467 3296 reddes
479 3245 555 3297 tanto
569 3242 658 3316 magis
670 3242 809 3299 servabis:
825 3243 950 3299 mirabile
1001 3241 1107 3309 dinem,
1127 3246 1218 3311 potest
1232 3253 1282 3309 per
1307 3236 1511 3293 necessitatem.
1542 3234 1638 3306 Neque
1662 3234 1741 3290 euim
1764 3251 1817 3290 ne·

40 3408 45 3416 ,
147 3331 251 3386 bonnm
264 3329 381 3399 justitia,
393 3346 475 3403 quam
491 3332 626 3389 servando
646 3333 752 3401 reddis,
767 3341 794 3389 et
809 3334 951 3392 reddendo
1002 3346 1079 3388 cesse
1095 3329 1178 3386 nobis
1191 3336 1233 3384 est
1250 3327 1325 3400 loqui
1349 3326 1384 3381 de
1403 3326 1446 3380 lris
1467 3339 1528 3396 quae
1543 3338 1598 3379 nen
1615 3329 1693 3391 sunt,
1710 3324 1817 3396 quibus

147 3439 202 3479 non
217 3423 319 3495 perdis.
342 3422 395 3479 Sed
412 3424 499 3498 magis
512 3425 665 3494 reddendo,
680 3426 768 3500 magis
781 3442 883 3483 servas.
901 3429 952 3484 tto.
1003 3420 1067 3492 quia
1082 3435 1138 3474 suae
1154 3433 1236 3474 voces
1248 3431 1303 3472 non
1318 3422 1392 3481 sunt,
1404 3414 1542 3486 loquimur
1560 3413 1595 3467 de
1612 3412 1683 3484 ipsis
1699 3428 1752 3484 per
1767 3429 1817 3469 vo·

148 3532 227 3585 num,
249 3517 372 3586 inquam.
397 3517 462 3573 totis
486 3515 593 3574 viribus
612 3520 781 3576 servandum
798 3526 828 3576 ut
841 3521 952 3589 reddas,
1004 3528 1152 3570 caseorum
1173 3508 1447 3583 quaesieritque
1467 3506 1502 3562 de
1513 3505 1666 3578 ipsisloqui
1680 3521 1739 3562 uon
1755 3522 1818 3578 pos-

148 3610 213 3683 quia
228 3611 250 3666 si
275 3612 368 3682 perdis
394 3627 448 3669 non
466 3612 553 3669 habes
566 3614 641 3686 quod
664 3614 773 3671 reddas.
793 3617 952 3687 Depositum
1003 3621 1099 3662 sumus
1121 3619 1170 3676 Pel
1185 3620 1245 3672 ⁵¹¹³»
1261 3603 1295 3657 de
1319 3601 1389 3672 fisis
1416 3600 1540 3676 wilmus
1553 3600 1629 3670 l⁰(lUi
1645 3614 1698 3669 fef
1712 3599 1818 3654 ⁸5⁰⁰&

149 3703 334 3760 tamcndebos
347 3704 372 3760 ei
385 3705 431 3777 qni
447 3705 594 3761 commisit.
610 3706 760 3778 Commisit,
772 3723 838 3784 erge
854 3708 952 3765 debes.
1004 3697 1072 3752 5⁰⁰⁰
1091 3711 1153 3751 eum
1172 3694 1258 3750 multa
1278 3690 1407 3764 fingimus
1432 3688 1611 3762 0⁰sslf³ff⁰¹¹02
1637 3687 1737 3762 flglffae
1759 3690 1821 3762 qui·

148 3795 203 3851 Sed
217 3795 340 3852 fortassis
363 3807 463 3869 sponte
487 3798 642 3869 perdidisti,
663 3800 728 3871 quia
750 3805 849 3871 sponte
868 3802 952 3858 dese.
1004 3790 1066 3844 dem
1084 3789 1237 3844 formantur
1259 3784 1286 3839 in
1302 3789 1406 3845 mente,
1431 3781 1480 3838 sed
1505 3797 1549 3836 res
1563 3796 1618 3836 non
1634 3781 1820 3838 inveniuntur

148 3885 236 3940 ruisti.
263 3883 354 3960 Exigit
374 3891 466 3942 tamen
495 3885 651 3957 depositum
684 3887 729 3958 qui
751 3889 888 3959 prestitit.
915 3890 954 3947 Tu
1004 3899 1053 3955 pr0
1067 3881 1170 3954 quibus
1189 3879 1358 3943 formentum
1380 3874 1482 3951 figulis
1496 3873 1609 3946 quidem
1626 3874 1764 3949 0⁰gf¹³ff0
1785 3876 1821 3930 (¹⁰

149 3986 280 4026 veronen
295 3972 392 4040 habos,
404 3973 469 4045 quia
483 3982 581 4044 sponte
592 3974 738 4031 deseruisti
750 3977 825 4048 quod
836 3978 953 4036 reddere
1004 3973 1188 4032 existentibus
1203 3970 1297 4036 sumit,
1321 3969 1369 4024 sed
1384 3984 1416 4024 ea
1437 3981 1492 4023 non
1509 3965 1630 4021 existunt
1645 3981 1699 4036 pro
1715 3966 1821 4038 quibus

149 4060 245 4114 debes.
262 4060 404 4117 invenitur
424 4077 489 4136 ergo
509 4063 557 4135 qui
578 4062 704 4134 praestitit
722 4065 812 4132 justus
828 4074 952 4136 exactem
1004 4066 1128 4134 assumit,
1142 4081 1193 4121 nee
1207 4069 1300 4136 petest
1314 4077 1393 4116 mens
1407 4059 1527 4134 cogitare
1537 4057 1613 4130 qnod
1621 4072 1678 4113 non
1690 4065 1744 4127 cst,
1764 4060 1819 4114 nisi

148 4156 176 4204 tu
192 4164 257 4206 vero
280 4150 328 4223 qui
354 4166 409 4206 non
426 4150 520 4207 reddis
545 4151 661 4221 injustus
680 4152 797 4209 debitor.
823 4152 953 4225 lnjnstus,
1005 4160 1106 4216 formas
1116 4167 1207 4215 sumat
1221 4156 1256 4212 de
1271 4171 1304 4211 eo
1318 4154 1392 4226 quod
1409 4158 1459 4220 est,
1476 4158 1507 4207 ut
1526 4165 1576 4222 por
1589 4148 1696 4206 formas
1717 4166 1817 4207 eorum

148 4245 272 4316 inquam,
289 4257 344 4299 non
364 4243 438 4315 quod
464 4243 566 4298 babeas
588 4243 673 4299 ullam
689 4246 836 4302 essentiam
859 4247 886 4302 in
902 4250 954 4305 hac
1004 4253 1153 4322 quaeunt,
1174 4245 1277 4319 cogitet
1299 4245 1334 4299 de
1355 4243 1472 4314 hisquae
1488 4255 1543 4296 non
1569 4246 1641 4295 sunt.
1658 4240 1729 4296 Dum
1751 4257 1819 4315 ergo

148 4336 311 4408 privatione,
330 4334 378 4391 sed
394 4335 459 4408 quia
478 4350 534 4392 non
555 4336 641 4392 babes
654 4336 778 4393 debitam
805 4341 952 4397 essentiam
1004 4343 1123 4397 dicimus
1134 4339 1207 4413 quod
1221 4337 1384 4411 cogitamus,
1398 4335 1469 4391 sicut
1483 4350 1562 4390 mens
1581 4334 1681 4405 nequit
1692 4336 1819 4410 cogitare
1832 4353 1833 4356 ¹

143 4429 268 4499 justitiae,
285 4428 348 4485 ideo
364 4427 498 4497 debitam,
513 4430 588 4501 quod
607 4429 759 4501 accepisti:
784 4446 840 4488 non
859 4448 952 4489 serva·
1004 4432 1078 4506 quod
1094 4447 1150 4486 non
1171 4437 1223 4496 est,
1238 4428 1291 4482 nisi
1314 4426 1447 4482 formetur
1472 4424 1505 4480 ad
1521 4423 1738 4479 similitudinem
1759 4428 1821 4498 ejus

146 4529 212 4587 tam,
228 4522 277 4577 sed
293 4527 392 4593 sponte
407 4520 553 4578 desertam.
570 4522 647 4578 Patet
659 4538 724 4597 ergo
740 4522 951 4582 lfanicbaeornm
1004 4522 1077 4596 quod
1104 4527 1155 4585 est,
1169 4519 1209 4574 sic
1230 4518 1324 4592 lingua
1343 4515 1439 4588 nequit
1451 4514 1526 4587 loqui
1545 4514 1580 4568 de
1601 4513 1643 4568 iris
1669 4530 1734 4584 quae
1761 4532 1817 4573 non

146 4630 233 4682 error,
248 4614 308 4685 qui,
319 4621 449 4684 putantes
466 4613 568 4670 malurn
588 4615 690 4671 realem
718 4617 865 4673 essentiam
880 4633 952 4686 esse,
1003 4617 1077 4680 sunt,
1094 4610 1147 4666 nisi
1165 4625 1213 4680 per
1239 4621 1333 4663 eorum
1351 4604 1434 4660 verba
1461 4619 1523 4675 quae
1542 4610 1616 4658 sunt.
1635 4601 1704 4658 Nam
1722 4620 1820 4660 sermo

146 4718 284 4761 cumeum
312 4703 386 4759 bono
400 4703 457 4759 fleo
477 4717 532 4759 non
561 4710 674 4776 possent
694 4704 844 4774 ascribere,
864 4708 952 4763 coacti
1003 4703 1127 4776 sequitur
1139 4700 1347 4776 cogitationem,
1362 4705 1392 4752 ut
1418 4711 1474 4752 non
1490 4694 1568 4750 aliter
1591 4694 1701 4767 digerat
1720 4696 1821 4772 lingua

145 4802 210 4851 sunt
224 4790 329 4868 lingere
344 4794 490 4865 quemdam
506 4793 630 4848 omnium
654 4795 786 4851 malorem
801 4803 950 4865 auctorem,
1002 4810 1145 4853 sermones
1167 4810 1248 4865 quam
1276 4791 1406 4868 cogitatio
1435 4790 1521 4844 dictat
1544 4787 1693 4863 imagines.
1724 4788 1822 4846 Pictor

143 4898 176 4946 ut
196 4891 252 4946 duo
272 4888 400 4943 contrarii
426 4888 624 4944 contrariarum
650 4905 754 4957 rerum,
771 4889 861 4947 bonus
876 4891 952 4947 scili·
1002 4890 1085 4947 etiam
1099 4887 1198 4961 nequit
1216 4902 1249 4942 ea
1264 4886 1380 4958 pingere
1395 4897 1457 4955 que
1470 4897 1525 4937 non
1538 4887 1603 4936 sunt
1613 4879 1667 4935 nisi
1683 4896 1738 4952 per
1752 4881 1822 4959 figu-

145 4986 188 5034 cet
202 4980 349 5050 bonarum,
363 4985 392 5034 et
407 4979 540 5034 malarum
561 4978 649 5034 malus
663 4986 789 5037 auctores
804 4988 907 5049 essent,
923 4987 951 5038 et
1000 5001 1045 5038 ras
1060 4998 1155 5038 eorum
1170 4997 1232 5053 quae
1247 4985 1320 5035 sunt.
1344 4978 1377 5033 dt
1391 4992 1438 5032 eas
1458 4976 1561 5031 formas
1582 4973 1674 5047 pingit
1688 4977 1820 5032 exterius

145 5075 185 5131 sic
204 5074 294 5147 prima
309 5074 365 5131 duo
378 5075 516 5146 principia
533 5090 625 5131 rerum
645 5075 769 5132 omnium
786 5081 949 5132 astruerent.
1003 5092 1052 5149 pro
1071 5076 1115 5131 his
1130 5092 1190 5147 qnae
1204 5089 1259 5131 non
1276 5078 1349 5138 sunt,
1365 5086 1434 5142 quas
1449 5068 1580 5143 cogitatio
1594 5067 1682 5123 dictat
1697 5069 1822 5127 interius

144 5165 215 5228 Quod
237 5179 293 5220 nou
305 5168 423 5233 punitur
439 5179 487 5235 pro
505 5167 590 5221 aditio
604 5169 651 5235 qui
670 5168 786 5234 punitur
803 5180 851 5233 pro
868 5167 949 5222 niele.
1002 5186 1035 5226 ax
1048 5169 1091 5224 liis
1113 5183 1173 5239 quae
1189 5172 1261 5221 sunt.
1285 5165 1315 5220 Et
1334 5162 1465 5234 frequens
1486 5168 1528 5216 est
1542 5160 1587 5215 liic
1607 5175 1678 5216 usus
1697 5161 1783 5234 loqui
1796 5175 1821 5221 et

178 5253 256 5310 ilicet
268 5268 334 5329 ergo
348 5252 461 5310 forsitan
480 5254 593 5327 aliquis:
611 5254 681 5320 Quid
696 5254 787 5328 ergo?
803 5254 830 5309 Si
849 5255 949 5311 malum
1002 5257 1118 5332 pingere
1134 5254 1206 5328 quod
1222 5267 1277 5308 non
1292 5258 1344 5318 est,
1358 5250 1469 5306 dicente
1488 5247 1608 5321 quodam
1629 5248 1781 5319 sapiente:

144 5343 213 5400 nihil
227 5353 279 5412 est,
302 5361 351 5418 pro
380 5347 467 5403 nihile
492 5346 632 5420 punimur,
663 5362 724 5403 eum
752 5348 885 5420 punimur
899 5363 949 5419 pro
1342 5341 1490 5400 Pictor-ibus
1504 5342 1678 5409 affflssilfflfss

144 5432 226 5488 malo.
245 5435 420 5510 Stultumque
439 5437 549 5493 videtur
576 5438 654 5512 argui
680 5452 730 5507 pro
753 5436 898 5508 injustitia,
925 5435 948 5491 si
998 5437 1128 5502 Quidlibet
1143 5433 1261 5491 audeat·
1273 5448 1376 5504 semper
1384 5433 1440 5500 fuit
1452 5445 1530 5499 (aquo
1542 5435 1672 5500 potestus.

144 5525 256 5594 quidem
272 5527 408 5598 injustitia
423 5530 497 5586 nulla
518 5528 710 5585 est'essentia.
727 5528 781 5584 Sed
796 5529 819 5583 si
835 5529 948 5600 quade
1354 5521 1471 5593 lituum:
1491 5525 1541 5576 Ars
1553 5526 1636 5590 poet,
1654 5520 1684 5589 9,
1703 5522 1763 5596 Νι)

145 5616 345 5685 privationibus
358 5623 430 5679 dicta
445 5631 519 5690 sunt,
535 5623 606 5679 bene
621 5621 842 5688 cottsidereutur,
855 5622 947 5678 nullus
997 5618 1166 5690 Quandoque
1179 5617 1306 5674 volumus
1318 5613 1516 5672 insomniorum
1533 5614 1735 5683 phantasmata
1748 5633 1816 5672 nar-
