3720 6014
92 114 143 171 aar
575 107 617 169 ns
638 110 745 169 cauus
764 110 806 171 er
828 112 891 170 rur.
914 111 940 169 s.
962 109 1087 167 caucrs.
1108 139 1143 152 -
1163 100 1226 171 uta.
1247 106 1267 166 t.
1326 187 1328 190 Α
1549 80 1554 87 “
1702 110 1754 164 arae

93 255 157 305 ante
171 263 202 304 se
217 246 294 320 quasi
307 262 411 315 servos,
428 262 459 305 ae
477 261 580 317 servos,
596 247 769 319 prophetiam
789 248 898 320 praeml-
909 250 938 321 Α
949 247 1077 319 impietas
1093 244 1252 301 Christianae
1269 257 1379 316 semper
1396 249 1438 298 est
1451 242 1551 298 aemula
1562 239 1662 298 saluti:
1677 241 1755 315 quia,

92 337 162 392 sitet
175 336 398 412 legem,quando
409 336 444 392 ad
457 337 669 409 praeparandum
680 337 803 395 hominis
818 337 899 394 coele·
950 338 1058 394 sieutiu
1077 336 1153 412 ligno
1177 335 1268 392 erucis
1299 335 1428 391 humanm
1454 332 1551 389 salutis
1583 332 1757 408 impugnavit

91 425 143 481 stis
163 425 258 498 patriae
288 426 370 492 viam,
394 424 482 498 primo
499 425 533 481 ad
556 427 692 482 abraham
722 427 846 485 secundo
866 426 901 483 ad
950 437 1102 497 auctorem,
1116 429 1152 484 ita
1174 427 1333 484 Christianae
1360 424 1503 501 religionis
1523 424 1756 482 adhuocxsecra-

93 515 216 589 Moysen,
238 518 318 574 tertio
337 516 413 575 renit
427 516 461 572 ad
483 517 606 575 llariam.
632 517 669 572 Ex
683 534 737 590 qua
759 518 900 585 uidelicet,
951 528 995 578 tur
1010 522 1155 578 honorem.
1172 520 1249 576 Unde
1262 519 1361 575 mirum
1375 533 1431 575 non
1451 517 1585 590 estquod
1605 517 1688 572 iidem
1702 515 1755 572 lu·

95 625 130 663 ne
141 608 184 665 vel
197 608 279 665 homo
295 625 327 664 ex
341 608 530 681 passionibus,
546 609 588 666 sel
604 609 676 665 Deus
689 610 784 667 lateret
798 625 831 666 ex
844 609 901 666 air·
953 613 1016 679 daei,
1034 613 1118 686 pallio
1129 613 1240 668 insidiae
1251 609 1350 680 induti,
1365 609 1466 666 divinae
1481 608 1575 681 pietati
1589 615 1616 665 et
1628 610 1755 667 humanae

95 700 210 769 tutibus,
223 717 316 758 verum
333 717 362 756 se
384 701 470 756 lleum
485 710 513 757 et
529 701 671 758 homiuem
693 700 823 758 humanis
835 718 903 773 prm·
953 704 1078 761 inuidere
1092 703 1184 771 saluti,
1199 702 1264 758 dum
1280 718 1329 774 per
1343 701 1470 758 eamdem
1490 699 1621 758 insidiam
1638 717 1692 773 qua
1716 699 1756 774 ip·
1803 773 1805 777 ἲ

93 792 211 847 sentarlt
225 791 379 861 obtutibus,
400 800 431 848 nt
450 791 535 848 nullis
550 808 641 848 rerum
667 793 902 865 praepedientibus
953 810 1012 850 sum
1030 800 1170 849 auctorem
1188 791 1258 847 lucis
1271 791 1299 845 in
1326 790 1455 862 passione
1479 795 1666 862 personarunt,
1694 795 1756 862 post

94 880 253 950 obstaculis,
268 889 295 937 et
308 881 565 954 homoprobaretur
578 897 610 937 ex
624 882 772 956 augustiis,
787 890 814 939 et
829 884 902 940 bens
953 883 1110 957 passionem
1126 883 1186 952 ejus
1202 882 1305 954 liguum
1317 881 1407 937 crucis
1421 879 1639 947 absconderunt,
1658 886 1689 937 ut
1701 878 1757 938 cla·

94 988 127 1028 ex
142 971 292 1027 miraculis.
311 972 363 1028 Per
377 973 431 1028 hoc
446 989 566 1045 namque
581 973 666 1044 quod,
681 988 731 1045 pro
750 980 843 1032 nostra
857 989 902 1030 sa·
953 975 1010 1029 rius
1021 974 1080 1029 sole
1095 979 1122 1028 et
1138 971 1312 1028 manifestius
1327 970 1387 1027 luce
1403 969 1477 1026 salus
1502 968 1583 1026 nobis
1598 968 1626 1024 io
1646 978 1757 1027 auctore

93 1059 149 1116 lute
165 1076 307 1132 passurus,
326 1061 452 1118 arborem
468 1061 559 1117 crucis
582 1062 719 1129 ascendit,
740 1061 836 1134 procul
850 1061 902 1117 du·
952 1065 1016 1123 vitae
1037 1074 1064 1121 ct
1079 1063 1175 1120 salutis
1188 1063 1297 1118 deesset
1312 1061 1339 1117 in
1353 1076 1445 1119 cruce.
1460 1060 1516 1133 lpsi
1536 1068 1627 1117 tamen
1643 1054 1681 1115 illi
1697 1059 1759 1117 lue·

92 1152 139 1207 bio
162 1169 261 1224 purum
288 1168 318 1208 se
331 1152 473 1209 hominem
504 1152 643 1218 ostendit3
661 1168 711 1224 per
726 1153 779 1211 hoc
798 1159 901 1222 autem,
954 1161 1027 1222 runt,
1048 1152 1201 1226 dequibus
1218 1151 1350 1223 scriptum
1367 1151 1761 1223 est:portesoutpiumcrunt

90 1240 164 1313 quod
185 1248 300 1297 mortem
329 1257 406 1297 enam
434 1240 647 1298 resurrectionis
667 1241 755 1317 gloria
776 1241 902 1311 caleavit,
954 1242 1040 1313 (Psot.
1058 1245 1132 1309 unu),
1157 1241 1221 1296 dum
1244 1253 1293 1311 pro
1315 1253 1423 1295 summo
1440 1238 1513 1311 llege
1533 1236 1643 1309 uulpem
1673 1237 1762 1295 Caesa·

92 1352 187 1394 uerum
203 1350 233 1391 se
250 1335 333 1391 Deum
351 1351 414 1392 esse
429 1335 601 1392 monstravit.
621 1335 674 1391 Sed
691 1344 720 1392 et
733 1336 786 1392 hoc
804 1335 905 1392 diuini·
954 1346 1010 1387 rem
1027 1329 1174 1403 eligentes,
1190 1344 1254 1404 erga
1270 1328 1356 1384 lleurn
1377 1342 1429 1383 uec
1445 1325 1529 1382 facies
1540 1325 1688 1389 voluerunt
1702 1342 1761 1382 mu-

92 1427 141 1482 tati
159 1427 234 1483 illius
249 1442 305 1483 non
317 1426 410 1482 minus
423 1427 508 1484 debet
522 1426 668 1497 attitulari,
683 1428 758 1500 quod
769 1426 828 1497 ipsa
841 1443 904 1499 pas·
953 1432 1012 1479 tare
1027 1439 1080 1479 nec
1093 1430 1211 1478 mentes.
1233 1421 1310 1477 Unde
1325 1436 1376 1493 pro
1390 1417 1506 1492 perfidia
1525 1418 1634 1474 illorum
1651 1417 1761 1490 plenius

92 1515 247 1572 sionissuac
264 1516 324 1571 dies
340 1516 373 1571 ad
385 1517 481 1573 horam
500 1515 648 1572 ridebatur
662 1515 849 1579 obtenebrari,
872 1515 902 1570 in
954 1516 1141 1574 ostendendat
1154 1532 1204 1586 pro
1216 1515 1358 1587 quibusin
1379 1513 1435 1571 tide
1446 1512 1544 1570 Christi
1560 1512 1683 1569 nondum
1699 1528 1759 1569 con·

92 1622 146 1678 qua
160 1621 209 1677 pro
225 1605 387 1661 redimenda
402 1605 514 1681 generis
534 1606 647 1661 hnmani
670 1604 823 1661 substantia
836 1619 900 1675 pas·
916 1577 1071 1666 sstaroetoe
1084 1613 1147 1666 sunt
1165 1613 1255 1678 portes
1282 1612 1307 1664 et
1329 1609 1462 1664 inclinato
1483 1611 1546 1663 sant
1571 1621 1657 1676 reque
1677 1606 1758 1676 (Psoi.

93 1702 303 1760 susestcruee,
332 1694 416 1749 claris
434 1701 462 1749 et
479 1695 584 1750 lancea.
610 1693 672 1750 ttae
689 1694 901 1767 quippesaero-
952 1701 1024 1767 rur),
1053 1713 1102 1770 per
1114 1711 1227 1768 campos
1247 1695 1463 1766 scripturarum,
1481 1711 1524 1749 ex.
1553 1709 1655 1768 gr.,eo
1678 1694 1760 1752 latius

93 1795 187 1842 sancta
203 1786 300 1842 Salutis
324 1787 451 1841 humanae
466 1794 532 1841 suut
546 1785 682 1860 stigmata,
703 1785 803 1858 quibus
821 1783 903 1841 nobis
949 1793 1005 1862 jam
1022 1801 1117 1848 noster
1132 1791 1306 1847 discursurus
1320 1797 1362 1845 est
1377 1803 1479 1855 sermo,
1492 1804 1547 1861 quo
1561 1805 1594 1844 uu
1613 1804 1675 1861 quae
1690 1803 1757 1860 ppo.

92 1894 174 1933 verus
189 1879 264 1934 isaac
279 1876 400 1933 caelestis
419 1876 564 1933 medicinae
587 1878 679 1933 oleum
707 1875 849 1932 deferebat
870 1891 902 1932 ae
952 1884 1082 1956 ponenda
1105 1890 1169 1938 sunt
1196 1882 1296 1939 melius
1315 1880 1498 1938 ostendantur
1524 1879 1651 1952 exemplo
1674 1896 1757 1953 quarn

90 1969 231 2042 stigmata,
247 1968 358 2041 quaudo
380 1968 452 2025 sicut
473 1969 547 2024 aries
562 1968 634 2024 inter
649 1984 757 2042 vepres,
773 1975 900 2041 peccato·
951 1979 1052 2036 verbo:
1069 1987 1098 2035 ur
1113 1979 1188 2034 euim
1211 1976 1313 2033 invidia
1326 1975 1483 2032 ludaeorum
1509 1973 1584 2044 justa
1604 1973 1691 2047 possit
1715 1992 1757 2030 ra-

94 2073 154 2112 rum
184 2058 274 2114 crucis
290 2055 421 2112 cornibus
432 2056 552 2124 haerens,
580 2072 678 2111 sanare
706 2056 836 2130 dignatus
859 2064 902 2113 est
951 2070 1134 2143 [ionpsopju'
1154 2086 1187 2126 ex
1211 2068 1332 2141 antiquis
1355 2067 1397 2122 his
1420 2064 1546 2121 parribus
1572 2074 1627 2121 uus
1655 2081 1757 2138 propo.

88 2164 164 2203 ΟΜ
181 2155 262 2220 Capul
281 2149 453 2216 wilbaldum,
465 2155 490 2203 0¹
503 2164 576 2203 ΟΜ
588 2163 633 2203 ⁶⁰¹
647 2162 758 2204 lloel'elli
778 2149 853 2216 (¹⁸⁰¹
867 2149 899 2220 ¹)-
951 2162 1034 2219 neudi
1049 2170 1114 2218 sunt
1132 2162 1193 2226 viri,
1216 2176 1250 2216 ne
1264 2158 1349 2215 verba
1369 2157 1497 2214 Veritatis
1512 2173 1528 2212 a
1542 2156 1622 2213 nobis
1640 2157 1754 2214 uidean-

95 2237 155 2292 ΗΜ
170 2244 234 2292 ⁸¹⁰¹
262 2236 307 2290 ¹¹¹¹
329 2236 467 2310 ⁸¹¹ll¹¹¹³¹¹2
486 2234 586 2307 l¹¹¹¹¹¹¹⁸
607 2236 634 2290 ¹¹¹
649 2251 696 2290 ³¹¹
716 2236 804 2292 ⁰¹¹⁰ss
818 2253 897 2292 ⁵⁰¹¹·
950 2264 994 2312 tur
1008 2255 1134 2331 neglecta
1152 2270 1225 2321 esse,
1238 2253 1339 2326 quibus
1351 2251 1455 2308 dietum
1472 2257 1527 2308 est:
1540 2254 1572 2308 lo
1585 2268 1629 2307 ore
1642 2250 1754 2307 duorum

90 2344 153 2383 mus
169 2328 303 2383 Sacerdos
317 2327 491 2383 secerdotum
516 2342 605 2402 genus
622 2327 773 2383 humanum
799 2329 827 2383 in
842 2343 899 2385 uno
947 2347 989 2401 „er
1012 2349 1096 2403 mum
1114 2348 1220 2400 uestrum
1243 2349 1294 2400 πρε
1308 2359 1384 2399 omne
1408 2342 1517 2398 „eruum
1538 2344 1574 2414 (u
1598 2343 1659 2400 Cor,
1683 2346 1752 2414 χω),

90 2417 204 2473 ¹¹0m¹¹¹0
219 2415 306 2472 V⁰¹¹¹¹¹
319 2415 437 2471 ¹¹b0¹³¹⁰
450 2430 499 2487 ΡΘΓ
513 2422 612 2482 ¹⁰¹1¹¹¹b
627 2417 739 2488 quaudo
763 2416 898 2474 ⁸³0l¹¹¹⁰¹⁰
948 2428 1096 2490 Sciendum
1107 2439 1149 2489 est
1162 2439 1253 2489 autem
1268 2431 1354 2504 quod,
1369 2431 1442 2487 sieut
1453 2430 1537 2488 iidem
1551 2430 1600 2487 riri
1610 2439 1675 2487 sont
1686 2441 1751 2498 tres,

87 2506 221 2581 ⁸¹¹¹C¹¹¹¹¹¹
237 2513 264 2561 ³¹
284 2505 371 2580 C¹¹¹¹¹¹
386 2503 525 2560 ⁰⁰¹¹¹¹¹¹¹¹¹¹¹
542 2502 568 2559 ¹¹¹
584 2520 640 2561 ¹¹¹⁰
660 2505 900 2562 ⁰⁰¹⁸¹¹¹¹¹¹¹⁰¹¹¹¹¹¹
947 2525 1050 2597 loseph
1061 2524 1177 2594 scilicet,
1194 2527 1270 2581 lseac
1284 2532 1311 2580 et
1326 2525 1443 2597 lloyses,
1458 2524 1495 2580 ita
1516 2539 1565 2596 per
1580 2525 1699 2598 antiquae
1715 2525 1754 2581 di·

88 2599 150 2664 hub
168 2606 195 2653 el
217 2598 243 2652 ¹¹¹
269 2596 401 2654 Omnibus
416 2596 475 2652 ¹¹⁰¹·
504 2597 565 2652 ⁸⁸³⁰
592 2596 673 2652 ⁰¹¹³m
691 2597 738 2653 ¹¹¹²
761 2598 897 2674 Stigmata,
947 2614 1070 2671 vinitatis
1085 2614 1288 2680 archisterium,
1305 2613 1404 2686 triplex
1429 2613 1509 2670 nohis
1529 2613 1633 2671 debent
1648 2630 1753 2687 apaper-

86 2690 188 2764 quibus
198 2689 245 2745 llei
255 2688 537 2746 liliusinaestimebile
549 2687 630 2745 nobis
640 2695 761 2762 paternae
771 2690 898 2748 dilectio·
947 2715 1004 2765 ure
1019 2708 1189 2781 mysterium,

85 2784 129 2838 uis
147 2781 268 2839 ostendit
282 2782 403 2857 siguum,
425 2781 535 2855 quando
548 2786 659 2854 peceato
674 2787 768 2839 nostro
783 2784 898 2854 pertulit
1268 2778 1371 2835 etant
1386 2780 1433 2837 lll.

86 2879 116 2930 r'o
130 2891 239 2947 corpore
253 2891 301 2932 suo
313 2876 505 2947 supeliuonm
518 2876 541 2947 (l
561 2878 635 2934 Patr.
654 2874 694 2947 u),
712 2882 741 2931 nt
765 2875 897 2948 antiquus
948 2870 984 2925 De
1002 2870 1212 2950 computatione,
1227 2883 1310 2940 unum
1323 2871 1422 2940 loseph
1434 2868 1515 2925 habet
1526 2868 1563 2925 orl
1583 2869 1697 2938 liparam,
1713 2863 1757 2928 arel

1052 2944 1153 3011 fratres
1172 2955 1230 3010 eju-t
1242 2941 1280 2995 od
1295 2941 1466 3011 Spnopounm
1479 2940 1646 2998 Judoornm.

87 2968 175 3025 bostis
200 2969 229 3024 in
254 2969 346 3041 seipso
371 2985 405 3026 eo
420 2969 534 3025 acrioris
552 2974 611 3025 atro
627 2968 687 3039 ejus
717 2968 826 3024 invidiae
841 2935 934 3024 tor-C

88 3067 181 3115 mento
207 3059 385 3123 cruciaretur,
403 3075 458 3131 quo
475 3059 573 3115 eodem
593 3057 680 3131 liguo,
700 3073 756 3130 quo
783 3058 896 3126 vicerat,
983 3051 1082 3107 Verum
1110 3051 1175 3108 licet
1189 3049 1293 3123 loseph
1310 3049 1405 3121 iunior
1432 3060 1506 3108 esset
1528 3051 1675 3120 extribus,
1694 3052 1754 3124 ipse

87 3150 254 3206 uinceretur.
948 3148 1040 3199 tamen
1054 3142 1083 3198 in
1095 3143 1147 3198 hae
1167 3140 1359 3214 propositione
1375 3140 1456 3199 nobis
1470 3142 1523 3198 erit
1538 3142 1656 3214 primus,
1674 3148 1704 3197 ut
1724 3142 1753 3197 in

418 3235 521 3292 CAPUT
536 3236 569 3292 ll.
946 3234 1019 3289 scala
1035 3232 1175 3301 Ecclesia,
1199 3232 1278 3305 quasi
1294 3232 1329 3287 de
1355 3232 1442 3306 gradu
1470 3231 1497 3287 in
1516 3233 1633 3308 gradum
1655 3247 1752 3288 ascen·

86 3350 207 3418 Quam„
224 3363 338 3416 ,mum
357 3348 444 3403 mg
463 3346 498 3401 ab
516 3345 618 3401 pegma
632 3347 726 3413 ,mgna
746 3349 894 3414 inventum,
946 3322 1039 3379 dendo
1058 3322 1203 3395 paulatim,
1219 3321 1255 3380 de
1273 3337 1330 3379 uno
1345 3322 1379 3377 ad
1396 3321 1512 3379 alterum
1531 3322 1673 3378 valeamus
1686 3338 1753 3392 per-

121 3422 163 3475 eet
181 3435 199 3474 o
216 3420 316 3474 ledeia
330 3419 411 3488 prius
425 3418 524 3485 (nisset
537 3416 735 3482 absconditum,
750 3421 776 3471 et
786 3416 819 3472 de
831 3433 897 3488 pro-
946 3410 1218 3468 reniresummatim.
1233 3409 1286 3466 Sed
1300 3411 1327 3466 in
1344 3411 1396 3465 hae
1411 3409 1601 3481 propositione
1616 3409 1685 3465 nulli
1702 3425 1753 3467 no-

120 3491 255 3577 positione
264 3493 347 3574 trium
358 3503 491 3555 errorum,
507 3487 658 3544 secundum
668 3489 770 3559 mim
779 3488 897 3558 limem
946 3510 1032 3558 strum
1042 3501 1125 3558 debet
1140 3518 1202 3559 esse
1218 3502 1340 3570 taedium,
1356 3501 1380 3557 si
1395 3518 1457 3558 enm
1474 3501 1687 3577 eodemloseph
1697 3499 1752 3559 lra-

121 3568 191 3633 ¹²¹n²
206 3566 374 3632 mmmm·
948 3592 1230 3666 tresejusaetudaeos
1244 3593 1413 3651 deducamus
1433 3594 1461 3649 in
1475 3593 1611 3665 medium,
1622 3595 1755 3669 quonism

123 3690 212 3756 Unde,
228 3690 298 3746 sieut
315 3689 360 3744 illa
376 3687 514 3760 passionis
529 3685 677 3743 Dominicis
690 3686 752 3743 dies
766 3687 897 3744 universo
945 3685 1033 3743 ludaei
1054 3701 1120 3762 erga
1134 3684 1279 3742 bominum
1299 3682 1396 3740 eadem
1413 3682 1518 3739 invidia
1532 3680 1645 3741 luerunt
1665 3685 1754 3758 pleni,

89 3784 193 3840 mundo
209 3783 349 3855 quondam
375 3788 435 3838 erat
456 3780 598 3853 optabilis,
614 3780 694 3837 itaet
710 3779 761 3836 ista
776 3779 837 3836 dies
852 3795 896 3835 sa·
947 3798 1029 3855 quam
1047 3797 1111 3855 erga
1126 3780 1230 3852 loseph
1247 3777 1420 3851 iratres'eJ'ns
1439 3778 1594 3837 habuerant
1613 3779 1693 3836 deni:
1708 3779 1757 3837 Ju-

89 3872 311 3929 cratissimenon
328 3871 419 3927 miuus
438 3870 520 3926 nobis
541 3868 896 3926 debetesserenerabilis:
947 3873 1001 3930 ἀεὶ
1018 3873 1168 3948 enimerga
1188 3872 1333 3931 Dominum
1362 3871 1489 3929 eamdem
1513 3872 1624 3930 invidiae
1643 3889 1753 3930 musam

88 3964 228 4038 quomodo
243 3963 315 4020 sicut
329 3964 357 4018 iu
373 3963 419 4018 illa
435 3962 480 4016 die
495 3961 619 4018 Salvator
639 3968 733 4018 noster
749 3977 819 4033 opus
842 3975 897 4016 no·
947 3965 1218 4038 semperhabebaut,
1233 3981 1315 4038 qnam
1325 3980 1391 4039 erga
1403 3964 1506 4038 loseph
1519 3964 1617 4022 tratres
1630 3965 1691 4034 ejus
1702 3964 1754 4021 ha·

67 4061 151 4134 ‚stre
167 4052 368 4123 redemptionis
384 4050 516 4121 implerit,
538 4051 576 4106 ita
589 4059 616 4106 et
629 4051 656 4105 in
670 4049 776 4125 hacdie
790 4049 897 4125 lignum
948 4055 1015 4112 bere
1042 4055 1177 4119 solebant,
1206 4055 1271 4110 dum
1302 4068 1352 4126 pro
1370 4052 1502 4126 singulari
1522 4053 1610 4127 gratia
1633 4052 1707 4109 illius
1728 4053 1756 4109 iu

88 4142 260 4198 dominicum
276 4142 357 4197 nobis
372 4139 548 4195 manifestare
562 4139 694 4195 decrerit.
713 4139 746 4194 Et
761 4139 824 4196 ideo
838 4137 899 4194 dies
950 4145 1058 4201 camino
1072 4143 1184 4199 invidiae
1195 4143 1233 4199 ita
1244 4141 1514 4213 ridebanturcoqui,
1530 4148 1561 4196 ut
1572 4157 1627 4196 non
1643 4147 1758 4213 possent

87 4235 185 4289 istaec
201 4232 326 4288 festivius
346 4247 361 4287 a
377 4230 458 4287 nobis
484 4230 569 4286 dehet
585 4229 732 4299 celebrari,
748 4244 802 4303 quo
818 4229 846 4284 in
865 4243 899 4285 ea
910 4184 940 4255 D
949 4234 1102 4306 quidquam
1113 4234 1225 4304 pocittce
1241 4232 1313 4302 loqui
1327 4230 1401 4301 tuor.
1430 4229 1543 4301 narrt).
1557 4228 1687 4285 sttudaei
1698 4229 1758 4304 qui·

51 4324 65 4343 ⁰
87 4323 191 4396 liguum
206 4321 279 4377 idem
295 4320 468 4377 homininum
484 4319 592 4386 debuit,
608 4319 717 4376 tbristo
745 4319 896 4384 revelante,
948 4328 1012 4384 dem
1026 4327 1154 4383 eamdem
1177 4324 1309 4381 iuvidiam
1326 4339 1391 4399 erga
1407 4323 1552 4381 bominum
1566 4323 1712 4394 habentes,
1727 4324 1756 4381 in

87 4417 197 4484 nudati,
215 4417 333 4473 maxime
364 4433 425 4473 cum
440 4416 474 4471 de
498 4416 548 4472 ¹¹³0
570 4415 615 4473 die
630 4415 698 4471 nihil
726 4414 801 4470 aliud
823 4415 899 4470 Scri·
949 4432 1064 4481 mortem
1077 4420 1166 4493 ipsius
1189 4425 1323 4476 acuerunt
1347 4417 1456 4494 linguas
1478 4433 1543 4474 suas
1557 4419 1757 4492 sieutserpen·

90 4506 421 4579 plumquUfllttrditissb
442 4505 495 4560 ”¹⁸¹
510 4504 585 4578 (l¹¹⁰¹l
605 4503 687 4561 ¹¹⁰d¹0
707 4518 772 4560 ⁰¹⁰¹
790 4502 898 4558 ”limini
948 4520 998 4580 tes,
1010 4508 1756 4584 necprophetiaillaaidereturmendosa.Locutianrrt

91 4598 296 4656 intentaestah
312 4597 414 4654 lielena
427 4597 533 4671 regina.
550 4597 627 4652 Sicut
642 4596 716 4651 enim
732 4595 761 4649 in
775 4593 899 4667 catalogo
948 4602 1090 4657 aurosum
1103 4616 1144 4657 me
1167 4601 1263 4669 tanqua
1276 4600 1369 4655 doloso
1397 4598 1481 4671 (Prot.
1495 4602 1578 4671 curu).
1598 4599 1677 4656 Unde
1692 4601 1757 4658 lieet

88 4698 244 4747 sauctorum
261 4690 407 4761 praesentis
423 4688 481 4745 diei
497 4687 691 4744 llalcndarium
712 4691 838 4754 testatur,
855 4684 899 4740 ln·
949 4692 1025 4749 nulla
1037 4693 1156 4750 societas
1175 4691 1211 4747 sit
1230 4690 1285 4748 luci
1307 4692 1341 4746 ad
1360 4689 1557 4758 renumeraret
1578 4691 1612 4748 ad
1628 4691 1757 4748 tenebras

90 4778 184 4835 sentio
194 4779 221 4834 S.
239 4779 328 4834 crucis
343 4778 403 4834 dies
415 4778 466 4834 ista
480 4785 605 4844 vocatur,
621 4775 751 4848 quoniam
765 4773 900 4833 hodierna
949 4780 1030 4848 larcia,
1047 4781 1131 4836 iidem
1147 4787 1242 4836 tamen
1253 4778 1351 4835 iratres
1370 4793 1402 4834 ac
1414 4777 1503 4834 tudaet
1518 4778 1667 4836 horninicae
1682 4793 1759 4836 eom·

90 4871 137 4927 die
156 4872 253 4928 eadem
280 4887 345 4928 crux
369 4870 501 4942 probatur
518 4869 639 4936 iuventa,
661 4868 689 4923 iu
709 4883 765 4940 qua
788 4865 900 4943 generis
950 4871 1066 4946 parandi
1080 4880 1145 4928 eunt
1171 4873 1258 4940 eruci,
1285 4871 1402 4927 maxime
1424 4886 1487 4928 eum
1509 4887 1559 4945 per
1577 4871 1758 4945 antiphrasim

90 4965 206 5020 humaui
226 4963 380 5020 substantia
402 4961 501 5018 Christi
521 4960 572 5016 luit
601 4959 731 5031 passione
744 4959 897 5031 redempta,
949 4964 1076 5021 eamdem
1091 4964 1252 5020 societatem
1274 4962 1396 5019 trabeam
1408 4964 1444 5019 uu
1459 4979 1569 5020 crucum
1583 4979 1665 5036 quum
1681 4972 1760 5019 reue.

93 5058 148 5113 Sed
175 5057 306 5130 quoniam
336 5055 430 5112 multis
465 5054 555 5109 adhuc
583 5052 692 5108 ridetur
718 5051 901 5126 incognitum,
952 5053 1009 5110 brae
1024 5052 1423 5110 habereridenturadlucem.
1441 5051 1604 5110 sicutenim
1619 5055 1647 5109 in
1662 5052 1758 5110 iratri-

92 5164 210 5221 quares
236 5144 339 5202 ludaeis
367 5146 473 5221 lignum
500 5142 568 5199 illud
584 5141 756 5199 homininum
781 5141 838 5214 jam
854 5140 903 5197 diu
953 5141 1006 5199 bus
1024 5143 1127 5216 ioseph
1143 5140 1265 5199 fraterna
1277 5142 1361 5214 eoepit
1373 5128 1494 5199 deficere
1509 5142 1635 5212 dileetio,
1651 5143 1716 5200 dum
1732 5143 1762 5200 in

94 5239 191 5296 luisset
201 5235 403 5303 absconditum,
420 5235 485 5292 ideo
501 5251 574 5291 nune
586 5248 685 5289 causas
697 5232 800 5304 musis,
815 5239 843 5288 et
858 5246 904 5288 res
954 5233 1101 5291 traditione
1113 5231 1189 5288 illius
1203 5237 1379 5289 maesserunt
1399 5230 1428 5287 in
1445 5231 1570 5288 bothelm
1590 5231 1665 5305 quod
1675 5222 1764 5289 inter·

95 5336 270 5403 opponentes
285 5327 378 5396 robus,
391 5341 441 5400 pro
456 5325 569 5382 modulo
582 5329 676 5381 nostro
692 5339 780 5396 peuce
794 5322 829 5378 de
843 5321 906 5394 plu·
955 5328 1079 5395 pretatur
1090 5321 1216 5391 delectim
1232 5316 1366 5377 italudaei
1382 5334 1490 5394 magnae
1504 5316 1694 5378 delectionise
1707 5319 1765 5381 lico

97 5423 175 5481 ribus
188 5422 254 5479 iude
274 5421 409 5478 dicemus.
425 5417 507 5476 Scitis
521 5417 624 5474 etenim
640 5416 716 5489 quia,
732 5414 804 5471 sicut
822 5412 906 5489 pertl·
955 5412 1038 5469 dirisi
1053 5419 1209 5481 snntsorte,
1225 5411 1292 5496 dnm
1307 5424 1393 5482 orma
1405 5410 1444 5467 od
1455 5416 1577 5481 morum,
1591 5415 1702 5470 mrtem
1715 5428 1767 5471 ou·

100 5512 145 5568 dia
160 5506 417 5579 inimicaestlidei,
432 5514 461 5564 et
478 5505 574 5565 vitium
593 5505 707 5574 virtuti;
730 5504 772 5561 sie
793 5503 907 5564 iudaice
956 5508 1007 5562 tem
1022 5508 1110 5563 meets
1125 5504 1257 5577 (Philipp.
1273 5508 1316 5574 u),
1331 5495 1768 5582 proipsinecogilaaeruutmor·
1801 5574 1807 5580 ,

282 5651 432 5714 Parnon.
454 5645 553 5713 CLX.
1553 5637 1604 5700 aa
