3720 6014
92 117 166 174 rtaa
650 91 760 170 trouva.
782 110 823 168 oa
843 105 971 166 ιιιιιιι
993 107 1200 179 ruveuvrarvs
1685 116 1755 176 naa

91 257 189 312 panem
209 238 339 295 mendici.
370 238 532 309 cunctisque
561 237 661 308 quibus
688 236 894 292 humiliatorum
908 234 1033 303 Alienis
1048 237 1220 292 dominatur:
1236 238 1282 309 qui
1303 237 1378 293 solus
1394 255 1457 293 vore
1472 239 1550 294 divos
1569 247 1596 294 et
1611 247 1653 294 est
1667 247 1695 295 et
1710 240 1754 295 in-

88 346 182 385 curam
205 344 267 384 esse
282 335 466 401 cognoscunt,
487 341 536 380 sua
565 323 787 389 malarevclant,
816 323 895 395 quasi
949 326 1096 398 telligitur;
1122 329 1186 400 quia
1206 329 1332 401 quisquis
1357 330 1428 385 alius
1445 330 1520 386 dives
1547 331 1679 397 creditur,
1700 331 1753 386 nisi

88 418 204 474 canibus
219 415 310 471 Lazari
326 414 419 470 ulcera
447 412 626 486 lingentibus,
642 420 670 467 et
684 412 718 467 ab
748 412 788 467 eis
803 417 899 481 petunt
948 415 1054 486 abipso
1074 418 1147 488 quod
1163 418 1241 473 dives
1260 425 1301 474 est
1316 419 1407 490 capiat
1425 420 1595 475 aeternaliter
1610 420 1755 491 possiden-

88 510 260 567 orationibus
275 515 302 565 et
316 506 512 564 satisfactionis
527 506 652 562 doctrina
665 506 765 575 juvari.
949 508 1024 576 dum,
1039 510 1096 564 suis
1111 510 1214 565 divitiis
1231 528 1335 583 pauper
1349 512 1498 567 invenitur.
1520 512 1558 567 bd
1571 512 1644 584 quod
1660 520 1755 569 osten-

125 603 152 655 t.
191 600 258 665 Quia
305 613 371 674 ergo
408 597 563 664 Dominus,
601 598 731 653 sacerdos
759 613 841 652 verus
870 603 898 651 et
949 597 1071 653 dandum
1086 600 1164 671 plura
1180 601 1273 657 dicere
1290 603 1473 657 necessarium
1490 602 1677 670 nonvidetur,
1689 619 1756 674 quo·

91 708 224 759 summus,
250 696 410 762 peccatores
442 705 497 745 oon
524 689 614 744 solum
643 705 692 742 sua
724 688 825 754 bostia,
849 687 897 742 sed
949 692 1022 747 uiam
1039 694 1103 749 buie
1119 695 1270 751 intellectui
1295 697 1386 752 nullus
1401 698 1447 769 qui
1475 698 1568 753 credat
1589 698 1753 771 refragatur.

91 789 118 837 et
147 780 336 837 conversionis
364 778 552 834 admonitione
578 776 830 848 satisfactionisque
849 777 899 831 dc·
950 785 1157 857 sedquoniam
1168 788 1230 860 quis
1241 805 1289 858 per
1300 789 1420 845 villicum
1433 791 1533 845 debeat
1545 790 1773 865 intelligi‚n0n.l

91 872 178 927 cilina
221 870 327 926 saltate
366 875 502 938 veneral,
539 869 679 924 ”Ominaia
712 867 897 939 llfflssiiessiifls
949 880 1014 935 dum
1030 881 1187 938 invenimus
1201 883 1236 938 ab
1263 885 1357 956 aliquo
1378 884 1551 941 sufficienter
1571 886 1754 957 exploratum,

89 964 246 1035 ῘΙῙῑῦὃίιηδε
274 964 448 1020 ⁰Siss¹1dil¹¹us
473 962 619 1017 Visieiflies
640 970 667 1017 0²
692 960 806 1017 f0i⁸ii³¹¹
836 960 899 1032 Plu·
948 974 1321 1051 diligenterestperipsius
1343 980 1381 1035 rei
1399 981 1609 1036 similitudinem
1631 982 1755 1037 rationa-

90 1074 134 1112 res
158 1058 225 1112 alias
256 1058 283 1111 in
306 1055 456 1128 praelibatis
497 1054 635 1126 parabolis
672 1055 821 1110 ostendere
844 1069 896 1109 vo·
947 1071 1345 1149 bjquesquejnvegpgandum‚

89 1150 154 1215 luit;
192 1149 219 1203 in
256 1165 310 1220 (11¹0
347 1157 375 1204 0¹
411 1147 565 1203 Phalisaeffi
603 1146 764 1217 scribasque
793 1161 895 1217 lecca·
983 1163 1138 1220 6Villieus
1158 1181 1395 1237 namquenomen
1417 1168 1755 1239 estavillaveleompo-

88 1255 175 1302 i⁰ll¹m
210 1245 380 1302 ⁰0¹¹⁵⁰liil¹m
415 1250 579 1315 sesluessies
606 1242 792 1299 ⁰⁰¹¹i¹¹i³bai²
828 1259 898 1313 <luas
948 1254 1031 1309 situm
1051 1254 1756 1330 reiderivatum‚etsignilieatpropriequemlibet

89 1354 151 1393 cum
186 1336 220 1391 ad
261 1337 314 1392 noe
342 1335 416 1408 quoa
455 1336 490 1390 de
525 1334 717 1406 peecatoribus
757 1333 896 1405 poentien-
948 1344 983 1397 au
1003 1344 1116 1399 colonos
1129 1345 1200 1420 ιιι
1222 1345 1431 1411 custodiendos,
1452 1345 1486 1400 au
1501 1345 1627 1401 relicuus
1657 1361 1752 1401 eorum

90 1429 155 1483 liam
172 1426 320 1500 agelliiblls
335 1426 363 1479 in
376 1424 447 1481 coeiO
472 1424 604 1500 gaudium
626 1423 685 1479 fissl'l
707 1423 815 1478 dixerat
830 1422 897 1478 sub·
950 1434 1101 1506 exigendos
1115 1442 1141 1490 ρῑ
1156 1435 1189 1490 ad
1205 1436 1424 1507 compescendos
1439 1451 1499 1503 ρος,
1516 1451 1551 1489 ng
1567 1435 1681 1491 domino
1704 1434 1755 1489 dg.

87 1521 211 1589 jecisset,
227 1520 288 1574 sine
302 1533 395 1574 errore
414 1518 522 1572 videtur
536 1517 608 1589 quod
624 1523 783 1588 peccatores
798 1516 897 1584 eujus·
950 1524 1036 1578 bitum
1062 1525 1205 1580 servilium
1231 1525 1391 1581 subtraham
1407 1525 1579 1596 depuratum,
1603 1524 1680 1579 Unde
1699 1523 1754 1591 jam

92 1625 145 1681 que
160 1608 272 1682 generis
285 1608 320 1662 ad
333 1605 535 1678 ltoessiissssiiaffis
552 1605 632 1677 quasi
647 1605 687 1659 Sic
711 1620 759 1660 <³0⁵
775 1604 899 1675 «ιΙῙθιιΰθ-
951 1628 1095 1683 possemus
1107 1613 1199 1668 divitis
1214 1615 1305 1684 liujus,
1323 1614 1430 1670 Domini
1445 1613 1531 1670 nostri
1546 1612 1664 1676 scilicet,
1679 1610 1756 1666 villi-

91 1711 174 1770 issiilb
189 1703 342 1757 intiiflssti·
364 1700 494 1772 Quisquis
509 1701 602 1772 iiiique
618 1700 646 1755 in
661 1701 840 1775 iOngissquam
855 1715 897 1754 re·
950 1720 1011 1760 cum
1021 1721 1198 1780 cognoscere,
1218 1707 1241 1760 si
1255 1707 1346 1762 villam
1361 1721 1595 1782 cognosceremus
1607 1711 1635 1759 et
1645 1704 1758 1760 colonos

89 1794 199 1869 gionem
220 1790 453 1847 dissimilitudinis
466 1808 482 1845 a
495 1789 621 1845 Creatore
635 1790 776 1845 luxuriose
803 1795 830 1843 et
848 1804 894 1842 sc·
949 1810 1019 1865 quos
1031 1811 1091 1850 uum
1107 1795 1248 1851 constituit
1260 1796 1409 1851 custodiro,
1428 1794 1480 1849 Sed
1497 1801 1524 1848 ut
1538 1794 1590 1849 huc.
1606 1792 1689 1849 suello
1706 1809 1757 1863 pu-

88 1885 208 1941 cundum
225 1884 332 1938 libitum
353 1882 471 1938 vivendo
490 1881 640 1948 recessisti,
661 1883 695 1936 {id
723 1880 898 1952 llffissiissssiiffi
949 1888 1012 1942 terit
1027 1889 1167 1964 cognosci,
1193 1889 1216 1943 si
1246 1888 1317 1944 villae
1343 1888 1541 1960 proprietatem
1569 1886 1757 1941 curaverimus

89 1976 289 2033 correctionem
299 1974 326 2028 in
340 1982 366 2030 te
373 1973 507 2030 rediendo
515 1989 549 2029 ne
565 1984 675 2045 torpeas
688 1989 811 2028 remeare
820 1972 899 2043 quasi
949 1978 1097 2051 diliguntur
1112 1978 1259 2050 speculari,

91 2070 125 2126 de
140 2069 222 2126 venia
237 2069 417 2139 desperatum
447 2067 495 2123 sed
512 2067 623 2122 attende
644 2066 717 2137 quod
743 2064 827 2133 filius,
853 2065 899 2136 qui
986 2068 1011 2123 7.
1029 2069 1096 2124 Villa
1116 2085 1236 2141 namque
1259 2068 1361 2124 dicitur
1385 2069 1501 2140 agrestis
1516 2069 1757 2126 bominisbabita·

89 2161 247 2234 portionem
261 2176 340 2216 suam
355 2158 524 2225 substantiae,
544 2174 626 2229 quam
645 2167 722 2229 pater
737 2157 898 2224 tradiderat,
950 2159 999 2226 tio,
1022 2175 1077 2215 uon
1092 2161 1126 2215 ad
1147 2160 1275 2216 decorem
1302 2167 1329 2215 et
1356 2160 1568 2215 delectationem
1594 2162 1755 2230 constituta,

93 2259 303 2325 consumpserat
323 2268 385 2309 oum
398 2249 603 2318 meretricibus,
619 2251 730 2304 tandem
756 2249 791 2305 ad
807 2265 836 2304 se
860 2264 901 2305 re·
949 2247 998 2301 sed
1020 2247 1054 2301 ad
1067 2247 1200 2302 culturam
1216 2255 1350 2303 terrarum
1366 2249 1559 2318 exercendam,
1575 2259 1605 2305 ιι
1618 2250 1755 2306 fructuum

92 2343 183 2410 diens,
195 2348 358 2414 patremque
372 2355 434 2396 cum
449 2338 579 2410 lacrymis
602 2344 710 2410 petens,
727 2346 754 2393 et
773 2354 827 2394 uon
840 2339 899 2407 jam
951 2341 1020 2396 ferat
1033 2342 1178 2398 utilitatem
1193 2343 1338 2414 adaptata:
1368 2359 1429 2415 quae
1457 2343 1480 2398 si
1505 2344 1619 2400 colonos
1639 2345 1755 2401 solertes

91 2444 123 2493 ut
142 2435 226 2505 lilius,
241 2435 291 2491 sed
305 2441 335 2490 ut
348 2448 445 2490 servus
460 2432 562 2503 suscipi
579 2432 731 2503 postulans,
748 2441 778 2487 ut
788 2431 897 2487 cbaris·
948 2431 1070 2498 sortitur,
1087 2439 1123 2486 ιι
1137 2433 1165 2486 in
1180 2449 1211 2487 ea
1227 2433 1301 2504 quod
1317 2433 1401 2489 debet
1415 2449 1476 2489 esse
1488 2433 1624 2500 videatur,
1647 2449 1690 2489 res
1713 2442 1757 2490 est

90 2530 177 2585 simus
191 2527 275 2595 filius,
305 2533 333 2582 et
352 2524 450 2581 festive
473 2524 508 2579 sit
527 2529 675 2594 susceptus
688 2525 763 2591 (Lac.
779 2539 824 2591 xv,
842 2522 896 2589 fl).
949 2537 1009 2591 quae
1036 2535 1086 2576 suc
1107 2520 1259 2592 possessori
1283 2536 1337 2576 non
1361 2537 1457 2592 parum
1484 2537 1557 2589 cara,
1578 2522 1650 2577 sicut
1675 2523 1756 2577 valde

88 2622 127 2677 'fu
143 2636 265 2694 quoque,
281 2635 364 2691 quem
394 2616 484 2688 turpia
498 2622 673 2687 peccatorum
696 2614 787 2670 ulcera
810 2613 899 2668 mani-
949 2611 1024 2666 utilis
1038 2612 1165 2667 babetur.
1188 2612 1294 2684 Quippe
1318 2614 1352 2667 de
1371 2613 1527 2685 bonisque
1542 2613 1648 2685 colligit
1662 2630 1693 2668 ox
1709 2630 1752 2681 ea,

87 2714 214 2785 festaque
234 2712 392 2781 deturpant,
405 2708 440 2763 ad
455 2707 649 2778 poenitentiam
662 2705 771 2781 lugiens
783 2723 818 2761 ue
828 2723 897 2762 cun·
949 2704 977 2758 in
992 2720 1099 2760 amoena
1117 2704 1235 2760 civitatis
1249 2705 1421 2760 habitatione
1435 2706 1577 2778 gloriatur.
1590 2705 1616 2759 Si
1630 2720 1695 2761 vero
1707 2720 1756 2761 co·

88 2809 171 2866 ureris
185 2805 344 2873 humiliari3
360 2803 410 2860 sed
423 2819 439 2858 a
458 2802 617 2859 custoribus
632 2803 784 2858 animarum
802 2812 898 2874 pustu-
948 2796 1027 2853 lonos
1042 2797 1155 2852 inutiles
1165 2796 1302 2866 babuerit,
1315 2814 1398 2868 parvo
1410 2807 1534 2870 tempore
1549 2805 1664 2866 vastata,
1675 2797 1755 2852 vitar-

89 2901 115 2956 la
135 2908 171 2966 to,
186 2897 303 2970 supplex
323 2895 411 2952 factus
428 2901 456 2950 et
471 2894 593 2963 humilis,
610 2894 741 2966 precibus
762 2903 790 2949 et
803 2910 897 2950 emen·
947 2902 1002 2957 quc
1024 2886 1187 2941 necessariis
1209 2902 1317 2952 careus,
1340 2887 1479 2957 possessio
1499 2886 1571 2953 vilis,
1588 2885 1747 2942 efferarum

90 2992 212 3048 dationis
227 2988 525 3057 insinuationeJ‘uvari,
542 2997 568 3044 et
581 2987 615 3043 ab
632 2988 676 3043 bis
690 2987 737 3060 qui
753 2988 897 3058 sapientes
948 2980 1080 3036 habiliiio
1099 2980 1243 3053 apparebii
1277 2981 1340 3046 Quae
1360 2982 1382 3036 Si
1398 2981 1536 3037 similibus
1555 2981 1756 3038 convenienter

90 3083 118 3139 in
138 3082 285 3154 Scripturis
303 3081 433 3136 videntur
450 3080 584 3134 instanter
597 3087 661 3150 opta
679 3079 757 3144 (licet
770 3078 897 3150 plerique
948 3083 1083 3144 aptamus,
1111 3075 1178 3145 quid
1207 3091 1256 3145 per
1280 3074 1372 3128 villam
1398 3074 1500 3129 rectius
1525 3091 1607 3145 quam
1631 3082 1752 3128 nostram

87 3177 200 3244 januam
216 3172 353 3229 sermonis
380 3170 549 3242 obcludant),
570 3171 772 3242 Scripturarum
799 3186 897 3227 conso·
949 3164 1129 3234 temporalem
1149 3163 1230 3218 vitam
1244 3163 1384 3236 designari
1394 3162 1587 3234 reperiemus?
1600 3162 1670 3226 Quid
1679 3163 1754 3216 enim

89 3264 193 3319 latione
208 3259 374 3326 confortari;
402 3258 532 3330 quoniam
553 3258 575 3312 si
592 3259 643 3313 boe
657 3257 765 3325 feceris,
782 3259 896 3331 illisqui
949 3260 991 3306 est
1004 3252 1063 3307 baec
1078 3251 1104 3304 in
1121 3268 1174 3324 qua
1199 3251 1388 3321 temporaliter
1406 3251 1505 3306 vivitur
1528 3251 1593 3318 vita,
1609 3250 1661 3305 nisi
1677 3267 1754 3322 quae-

90 3363 116 3412 re
145 3352 295 3425 Scripturis
316 3349 471 3406 confortare
496 3356 688 3419 contemnunt,
714 3351 814 3406 insumi
842 3359 898 3408 ror.
948 3343 1010 3398 dam
1025 3342 1175 3416 agrestiset
1190 3342 1339 3405 laboriosa,
1349 3341 1576 3409 nulliusdeeoris,
1589 3341 1693 3396 nullius
1704 3342 1753 3396 de·

91 3447 192 3504 mentis
202 3442 394 3517 pereuntibus,
410 3449 437 3498 tu
450 3442 573 3513 requiem
588 3441 616 3497 in
631 3443 692 3497 sinu
705 3443 820 3499 Abrabae
831 3460 899 3501 con·
949 3434 1104 3490 lectaticuis
1119 3434 1264 3500 habitatio,
1279 3434 1360 3509 longe
1373 3449 1388 3488 a
1401 3450 1473 3488 verae
1485 3432 1626 3489 felicitatis
1642 3433 1754 3488 civitate

89 3535 224 3608 sequeris.
240 3534 355 3588 Lazarus
370 3532 455 3595 enirn,
472 3531 519 3603 qui
533 3531 630 3600 jacens
649 3532 684 3586 ad
701 3532 814 3600 januam
828 3533 899 3589 divi·
949 3526 1078 3583 remota?
1093 3527 1123 3581 ln
1148 3543 1211 3598 qua,
1233 3527 1297 3581 duur
1312 3542 1363 3596 per
1376 3525 1500 3596 corporis
1515 3525 1640 3580 membra
1659 3525 1754 3579 llomi-

91 3625 126 3682 tis
139 3638 262 3696 purpura
276 3622 413 3692 byssoque
428 3619 552 3690 cooperti
568 3618 668 3690 plenus
687 3620 838 3689 ulceribus,
854 3637 899 3676 re·
949 3631 985 3672 no
1014 3616 1161 3687 placituras
1189 3615 1312 3671 actiones
1353 3630 1481 3669 exercere
1505 3615 1660 3684 studemus,
1689 3613 1754 3669 dum

91 3708 135 3765 fici
152 3709 231 3765 micis
246 3710 281 3764 de
301 3724 397 3764 mensa
417 3707 590 3775 cadentibus,
613 3724 674 3764 cum
696 3709 788 3764 nullus
807 3710 833 3765 ei
854 3711 900 3765 da-
949 3718 1042 3765 mente
1058 3709 1293 3784 bonoscogitatus
1308 3708 1443 3775 fovemus,
1467 3713 1495 3763 et
1516 3707 1651 3780 quidquid
1672 3713 1757 3762 terre·

91 3805 143 3865 ret,
159 3797 300 3869 cupiebat,
320 3797 398 3852 sinus
417 3796 531 3852 Abrabae
553 3796 727 3873 refrigerium
743 3807 785 3855 est
799 3816 899 3856 couse-
949 3819 1015 3858 num
1039 3811 1092 3869 est,
1113 3819 1174 3857 esse
1189 3802 1336 3868 caducum,
1353 3811 1380 3856 et
1395 3802 1460 3857 dum
1491 3800 1647 3856 hebetaret
1662 3800 1689 3854 in
1704 3816 1756 3855 usu

90 3895 184 3954 cuius,
199 3903 260 3943 cum
277 3887 355 3942 dives
369 3886 415 3941 iiie
438 3886 485 3957 qui
501 3901 604 3943 mensae
619 3904 676 3942 suae
692 3889 777 3944 micas
796 3889 821 3943 ei
842 3904 898 3944 nou
950 3903 1069 3962 nonest,
1086 3895 1200 3963 inutile;
1211 3911 1272 3951 eum
1289 3903 1380 3950 autem
1396 3895 1424 3948 in
1441 3911 1492 3949 usu
1508 3910 1571 3949 esse
1582 3894 1708 3965 eoeqrerit,
1722 3893 1759 3947 la-

93 3980 218 4048 dederat,
231 3977 375 4035 tormentis
387 3976 570 4035 infernalibus
584 3980 619 4035 sit
634 3980 807 4052 mancipatus
822 3983 897 4054 (Luc.
950 3988 1006 4044 bile
1018 3996 1046 4044 et
1058 3987 1363 4044 ideocontemnendum
1383 4002 1531 4042 censemus
1546 4004 1553 4052 ;
1569 4002 1654 4057 super
1668 3986 1754 4041 eoelo·

93 4090 147 4140 xvv,
161 4072 217 4144 ΞΟ).
236 4071 291 4126 Sed
306 4077 334 4126 et
352 4077 391 4136 tu,
419 4070 544 4143 quisquis
568 4072 635 4126 mibi
659 4073 798 4139 subderis,
818 4081 845 4129 et
871 4075 897 4128 iu
948 4078 999 4133 stia
1014 4092 1124 4149 quoque
1141 4076 1280 4132 manentia
1294 4082 1450 4143 etamoeua,
1475 4090 1595 4146 cumque
1615 4074 1673 4128 suis
1687 4087 1753 4144 pos-

92 4163 217 4238 pluribus
228 4162 417 4233 obtemperas,
438 4168 465 4217 et
480 4161 543 4218 idco
562 4178 677 4218 securus
692 4163 720 4218 in
741 4165 836 4220 multis
850 4181 900 4237 per
948 4167 1103 4222 sessoribus
1121 4181 1232 4236 semper
1259 4165 1285 4218 in
1302 4180 1351 4218 usu
1365 4163 1571 4232 iucundissimo
1589 4162 1654 4227 sint,
1681 4175 1754 4214 nuu-

93 4259 291 4337 negligeutiam
308 4257 448 4314 desideria
472 4264 519 4314 tua
542 4260 686 4330 sequendo
701 4261 852 4334 delinquis,
873 4268 901 4317 ιι
914 4240 1033 4329 unam
1050 4255 1229 4321 transeuntia,
1243 4263 1271 4308 et
1294 4253 1397 4308 idcirco
1411 4252 1568 4322 appetenda
1581 4233 1756 4323 cogitillirus:

93 4349 157 4421 quia
170 4355 196 4404 te
208 4347 371 4419 delinquere
385 4362 441 4402 non
456 4347 585 4414 attendis,
599 4353 629 4402 ut
644 4348 765 4423 corrigas
781 4364 832 4405 ιιι
847 4349 902 4405 dif-

94 4439 201 4496 frculter
214 4438 348 4506 ostendis,
369 4453 431 4494 cum
447 4453 498 4510 per
512 4438 666 4510 quamlibet
680 4439 901 4510 increpationem

95 4538 204 4586 tuarum
216 4526 446 4603 negligentiarum
473 4528 733 4603 malacognoveris,
762 4529 796 4583 de
820 4530 902 4585 venia

96 4637 132 4675 ιι
142 4619 290 4691 desperes;
302 4631 355 4672 nec
365 4632 446 4688 quam
460 4616 487 4670 in
501 4623 527 4672 te
541 4616 717 4672 severitatem
729 4616 902 4687 poenitentiae

97 4727 218 4784 nequeas
230 4724 361 4766 exercere
376 4708 411 4763 ad
426 4709 631 4765 excusationem
656 4709 828 4780 praetendas;
853 4711 902 4765 sed

96 4800 214 4873 qualiter
241 4795 386 4853 [lominum
415 4805 491 4852 tuum
521 4797 640 4869 placare,
651 4799 753 4866 valeas,
784 4814 817 4854 ex
854 4800 904 4855 bae

96 4901 178 4958 quam
194 4883 244 4940 tibi
257 4900 339 4941 narro
353 4883 485 4956 parabola
501 4886 641 4957 perpende
656 4886 791 4943 sollicitus
810 4895 839 4943 ιι
854 4889 904 4944 de-

97 4978 264 5050 prehendas.

132 5073 158 5130 5.
173 5077 242 5130 Erat
260 5075 330 5129 enim
349 5073 425 5130 boum
440 5073 553 5144 quidum
564 5073 648 5142 dives,
665 5078 714 5146 qui
732 5077 846 5133 babebat
855 5079 905 5134 oil-

96 5169 190 5236 licum,
206 5173 233 5222 et
246 5172 356 5222 eaetera.
373 5165 460 5223 lfomo
475 5166 553 5223 dives
567 5167 631 5233 iste,
647 5167 682 5222 de
701 5182 756 5238 quo
773 5167 905 5224 boninus

95 5259 154 5315 suis
174 5257 320 5329 discipulis
334 5257 492 5330 parabolam
509 5258 647 5330 proponit,
672 5257 763 5313 nullus
783 5261 905 5316 rationa-

98 5351 181 5406 bilius
197 5348 371 5424 intelligitur,
385 5365 468 5422 quam
484 5350 557 5407 idem
574 5335 647 5422 ipse,
670 5350 717 5422 qui
746 5351 808 5407 licet
823 5353 905 5411 bomo

97 5458 202 5516 pauper
217 5443 288 5498 inter
302 5441 430 5500 homines
454 5450 675 5510 conversaretur,
702 5443 730 5498 in
752 5459 785 5501 eo
813 5452 904 5503 tamen

95 5539 170 5610 quod
180 5537 253 5594 lleus
268 5541 320 5605 est,
332 5536 467 5596 omnibns
482 5553 656 5611 quecunque
669 5545 734 5594 sunt
744 5539 808 5608 jure
822 5556 903 5598 erea-

952 4370 1005 4410 nec
1019 4369 1075 4410 non
1088 4369 1149 4408 cum
1163 4351 1198 4406 ad
1212 4349 1347 4404 creatoris
1361 4346 1446 4403 nostri
1458 4345 1567 4401 laudem
1583 4359 1758 4418 cognoscen-

952 4443 1014 4497 dam
1037 4438 1194 4511 specialiter
1214 4436 1408 4502 insistendum,
1427 4440 1457 4489 ut
1475 4436 1501 4489 ei
1515 4434 1576 4490 siue
1596 4449 1690 4489 errore
1715 4432 1757 4488 fu-

952 4533 1050 4589 mulari
1063 4532 1192 4597 sciamus,
1205 4529 1417 4593 ratiocinamur;
1438 4526 1504 4598 quid
1515 4527 1589 4581 aliud
1606 4543 1687 4599 quam
1703 4535 1759 4582 ter·

954 4641 1009 4680 ram
1037 4624 1070 4679 ad
1094 4628 1186 4698 gratos
1204 4620 1308 4677 fructus
1337 4626 1430 4675 nostro
1454 4619 1608 4690 possessori
1628 4618 1760 4675 ferendos

953 4715 1078 4772 excolere
1092 4712 1273 4770 laboramus?

989 4809 1015 4866 8.
1038 4811 1065 4864 Si
1081 4809 1166 4882 igitur
1180 4807 1245 4864 villa
1259 4816 1351 4863 nostra
1366 4805 1422 4861 vita
1444 4805 1604 4877 temporalis
1629 4802 1762 4878 intelligi·

955 4908 1009 4964 tur,
1027 4899 1093 4972 quid
1108 4915 1158 4970 per
1171 4898 1295 4965 colonos,
1307 4895 1361 4951 nisi
1372 4895 1435 4951 duae
1450 4895 1551 4950 mentis
1566 4892 1698 4966 potentiae
1709 4891 1761 4947 de·

954 4989 1122 5068 signantur?
1141 5005 1256 5063 quarum
1286 5004 1341 5044 uua
1363 4987 1487 5059 corporis
1513 4994 1587 5042 artus
1615 4991 1707 5039 movet
1726 4983 1760 5039 ad

955 5081 1158 5154 quodvoluerit
1170 5077 1359 5150 operandum:
1375 5083 1402 5132 et
1417 5077 1504 5131 altera
1518 5091 1547 5129 se
1562 5074 1649 5145 ipsam
1662 5071 1759 5129 multi-

956 5173 1065 5246 pliciter
1091 5170 1272 5228 circumducit
1295 5169 1330 5225 ad
1350 5167 1538 5224 meditandum
1553 5173 1580 5220 ot
1609 5165 1760 5237 speculan·

955 5266 1031 5321 dum.
1048 5263 1113 5320 Cum
1127 5263 1245 5334 ergobae
1262 5262 1323 5317 duae
1338 5260 1459 5315 animum
1474 5259 1503 5312 in
1518 5257 1689 5325 meditando,
1702 5271 1763 5311 cor·

956 5369 1008 5425 pus
1030 5353 1057 5408 in
1077 5351 1217 5423 operando
1232 5350 1307 5422 quod
1321 5348 1437 5405 Domino
1454 5348 1561 5419 placeat
1577 5345 1762 5412 exercuerint,

955 5445 1022 5518 quid
1038 5443 1141 5517 poterit
1165 5445 1192 5497 in
1222 5439 1421 5513 temporalibus
1453 5439 1569 5497 bomine
1598 5440 1766 5508 montispe-

956 5538 1049 5597 tentiae
1061 5537 1117 5594 vita
1136 5542 1229 5593 nostra
1244 5534 1347 5610 gratius
1360 5532 1500 5588 invenirit
1512 5532 1543 5588 Ει
1562 5547 1627 5587 sere
1646 5544 1707 5585 eum
1725 5525 1767 5579 sic
