3720 6014
89 211 142 266 853
794 214 891 272 trualt
912 215 1047 273 PlllllUS.
1702 223 1759 278 sol

89 344 123 399 ad
154 341 325 417 regnandum
352 342 528 400 Meschonem
552 344 643 400 adbuc
676 345 814 416 ydoneum
840 361 895 402 non
908 353 935 420 ,t
946 364 1029 421 quam
1040 365 1103 405 eum
1116 349 1334 421 preludomum
1350 349 1466 421 turpiter
1479 349 1513 383 ²⁶⁹
1526 349 1629 406 intrare
1642 366 1759 423 respou-

91 437 210 500 ridebat,
228 437 287 492 loeo
303 437 346 492 sui
358 437 528 510 quodamibi
543 438 669 495 liutheno
685 439 727 493 sui
742 440 852 512 generis
867 441 896 495 iu
949 439 1059 495 derunt.
1087 437 1163 495 Tunc
1182 454 1247 495 vero
1267 454 1313 494 rex
1333 437 1494 494 Bolezlavus
1519 453 1631 494 suorum
1656 456 1759 496 unum·

88 525 241 580 dominium
268 526 500 598 constituto('16)
529 542 591 582 cum
627 527 758 584 thezauro
785 529 898 585 residuo
949 543 1088 599 quemque
1104 527 1266 582 nominatim
1286 528 1444 594 exhortans,
1470 527 1500 582 in
1521 527 1556 562 ²¹⁰
1572 528 1665 584 hostes
1689 544 1758 586 con·

89 617 230 673 Poloniam
248 618 387 675 remeabat
406 619 450 674 ²⁵⁷.
468 618 548 675 illum
565 619 659 692 itaque
675 622 780 678 ²⁵⁸curu
791 622 898 698 ingenti
948 621 1111 679 fortissimos
1126 622 1159 657 ²⁷¹
1176 622 1247 677 sicut
1269 622 1312 678 leo
1341 622 1438 677 sitiens
1454 623 1617 694 penetrarit.
1636 623 1691 680 Nee
1717 633 1760 682 est

87 710 232 784 gaudio²³⁰
247 718 274 765 et
285 710 401 782 pecunia
411 710 446 746 ¹⁶⁰
458 719 641 781 remeantem,
649 713 762 796 jamque
777 714 899 772 Potoniae
950 718 1050 767 nostrae
1068 710 1205 767 facultatis
1220 712 1349 780 recitare,
1374 718 1491 784 quantas
1504 719 1609 788 strages
1624 712 1676 768 sibi
1690 716 1758 770 resi·

90 803 192 860 linibus
221 805 454 877 propinquantem
476 807 523 874 ²⁸¹,
547 823 593 862 ren
619 806 752 879 fugitivus
777 807 900 865 collectis
949 801 1081 856 stentinm
1092 800 1130 854 ibi
1143 799 1208 856 lecit
1226 800 1271 868 ¹⁷¹,
1286 816 1378 872 neque
1394 800 1540 872 quisquam
1552 801 1624 857 valet
1638 803 1757 858 hostium

88 893 196 950 uiribus
220 893 320 950 ducum
341 895 531 952 Rutbenorum
551 911 613 951 oum
637 897 743 953 Plancis
766 906 793 953 et
808 897 899 952 Pinei-
948 899 1153 964 peremptorum
1174 891 1250 946 milia
1266 898 1341 947 certo
1363 906 1478 947 numero
1502 902 1673 963 computare,
1689 910 1760 966 quos

90 989 195 1044 niatiris
210 990 245 1025 ’θ’
258 1006 273 1044 a
284 999 361 1066 tergo
375 989 565 1061 subsequitur,
582 997 609 1046 et
620 991 654 1046 ad
665 990 781 1047 fluvium
795 993 896 1069 Bagam
948 983 1091 1039 constabat
1105 983 1140 1038 ad
1156 983 1279 1054 praelium
1295 982 1355 1038 sine
1372 998 1488 1039 numero
1497 983 1673 1051 conuenisse,
1689 1002 1758 1057 prau-

88 1085 262 1140 committere
286 1091 378 1140 certus
406 1085 440 1141 de
464 1085 579 1142 victoria
598 1087 760 1142 conabatur.
780 1087 898 1142 Arbitra·
948 1089 1050 1145 0⁰³ll¹¹e
1067 1073 1231 1144 5799757705
1247 1073 1312 1148 iuga
1331 1074 1427 1145 lili⁸⁰s
1444 1075 1567 1129 87337556
1586 1075 1631 1128 ²⁷³·
1648 1077 1757 1133 Assem·

89 1176 169 1231 batur
199 1192 318 1249 namque
348 1176 468 1233 Polonos
496 1192 572 1234 more
601 1178 744 1233 hominum
768 1179 803 1235 de
823 1186 898 1235 tanta
949 1163 1014 1217 bini
1029 1178 1148 1232 ¹¹³quss
1166 1163 1278 1231 Plurimi
1290 1177 1340 1234 Pf⁰
1355 1174 1441 1232 corto,
1456 1166 1573 1237 (lull)ost
1588 1167 1759 1225 7111770577θὸ

88 1269 203 1325 victoria
232 1268 326 1340 praeda
348 1270 511 1343 gloriantes,
538 1286 766 1344 unumquemque
785 1272 897 1328 domum
948 1271 997 1327 lli⁰
1025 1253 1121 1309 amicis
1152 1254 1196 1308 vel
1225 1253 1388 1326 propinquis
1409 1256 1584 1312 inveniendis
1609 1258 1643 1313 id
1663 1258 1755 1316 ¹⁰⁰l¹¹¹¹

88 1375 165 1413 suam
184 1359 383 1431 propinquare¹
403 1367 498 1431 utpote
518 1360 733 1431 triumphatores
750 1368 829 1417 [eppae
841 1377 897 1418 311ae
948 1347 1108 1403 certaminis
1120 1347 1155 1401 de
1170 1346 1329 1420 longinquis
1344 1348 1504 1419 regionibus
1524 1351 1683 1421 veniebant,
1698 1360 1759 1408 lan·

87 1449 192 1507 finibus
206 1452 435 1523 propinquantes,
448 1458 478 1508 el
495 1453 599 1508 tamdiu
619 1461 695 1508 extra
709 1453 822 1524 patriam
837 1454 897 1509 sine
950 1448 1003 1496 [³¹¹¹
1014 1440 1050 1494 lbi
1067 1439 1172 1495 0l¹¹0li⁸
1187 1438 1351 1494 eflusiffllssm
1367 1438 1465 1505 fnisse,
1481 1441 1557 1512 (lumi
1574 1442 1757 1516 nu¹¹115l‘010·

88 1538 153 1595 filiis
170 1546 197 1594 et
216 1540 348 1596 uxoribus
364 1541 554 1599 immorantes.
570 1542 703 1599 Necillud
717 1543 778 1600 siue
794 1543 899 1600 ratione
949 1539 991 1586 lai
1014 1530 1066 1585 ⁰1⁸5
1089 1546 1138 1601 per
1153 1528 1316 1602 sangumem
1332 1529 1366 1563 ²⁷⁵
1382 1527 1424 1585 Vel
1440 1545 1525 1601 super
1551 1530 1684 1587 iidilela
1708 1549 1759 1604 W

87 1628 236 1701 cogitabat,
253 1629 317 1700 quia
333 1646 434 1703 magna
449 1645 513 1702 pars
528 1630 773 1700 jam-Polonorum
794 1633 900 1689 exerci—
949 1631 1032 1679 lolam
1061 1622 1205 1695 planitiem
1231 1620 1383 1685 ambulate,
1415 1628 1558 1694 [Omnique
1585 1623 1620 1658 ²⁷⁵
1652 1624 1756 1699 Bussam

87 1728 130 1776 lus
145 1737 210 1794 rege
226 1721 368 1777 nesciente
383 1721 535 1778 defluxerat
560 1723 604 1778 ¹⁸³.
619 1723 713 1779 Atrox
738 1723 899 1781 Bolezlavus
950 1715 1062 1770 fluvium
1080 1715 1141 1786 plns
1161 1714 1266 1769 ⁰l⁰⁰l5³
1285 1713 1408 1784 Similem
1436 1731 1517 1786 quam
1545 1714 1669 1771 fluminis
1694 1717 1757 1772 leil·

86 1809 185 1865 videns
198 1826 264 1866 suos
292 1810 396 1866 milites
409 1827 513 1882 paucos
529 1806 601 1880 essi,
620 1813 713 1869 hostes
741 1829 806 1869 vero
820 1814 899 1886 qnasi
949 1823 1025 1863 nere,
1039 1807 1076 1861 Ex
1096 1822 1129 1862 eo
1151 1805 1224 1861 enim
1242 1813 1366 1877 ῑθῐῐψθΐθ
1380 1806 1464 1863 {lusia
1479 1806 1600 1862 P0¹⁰11iae
1616 1809 1758 1883 Vtilitalls

86 1902 192 1958 centies
211 1902 246 1936 ¹⁶⁸
272 1909 376 1958 tantum
400 1903 436 1939 ¹⁸⁸
457 1903 525 1972 sere,
553 1918 608 1959 nou
633 1904 711 1961 sicud
741 1905 857 1979 ignavus
871 1916 899 1962 et
950 1902 998 1958 diu
1013 1901 1074 1957 init.

89 1992 212 2059 timidus,
228 1994 277 2049 sed
299 2003 329 2049 ut
345 1994 433 2050 audax
449 2001 478 2050 et
494 1995 636 2066 providus,
652 2012 717 2053 suos
732 1997 834 2054 milites
858 1997 899 2054 sie
1001 2009 1030 2065 8,
1043 2011 1081 2063 De
1094 2006 1295 2075 meqnipoentio
1309 2010 1334 2059 et
1351 2009 1474 2075 potentio
1486 2005 1622 2063 Boteziaui
1635 2007 1701 2065 Glo-

88 2079 187 2137 nffatur
202 2081 272 2153 (iitz
297 2085 356 2140 Nou
381 2088 421 2139 est
445 2100 513 2154 opus
532 2085 630 2157 probos
656 2091 681 2142 et
701 2090 823 2157 expetes
850 2087 900 2142 diu
1285 2079 1353 2132 livii
1372 2076 1416 2131 ⁸¹⁸·

87 2171 186 2225 milites
218 2172 355 2227 cohortari
383 2172 434 2237 ²⁸⁸,·
469 2188 516 2228 nee
549 2174 716 2244 triumphum
738 2189 794 2230 sese
821 2177 899 2231 nobis
985 2167 1065 2224 Plura
1101 2169 1192 2240 ilique
1218 2174 1282 2223 ⁵⁰⁰²
1310 2175 1337 2222 el
1367 2169 1471 2240 majora
1503 2175 1582 2242 gesta
1608 2169 1755 2240 Bolczlati,

87 2261 240 2330 offerentem
269 2263 419 2330 retardare,
435 2264 483 2319 ,ed
505 2267 544 2320 est
567 2269 669 2335 tempus
690 2267 762 2321 ,qm
778 2269 898 2337 emporis
948 2275 1031 2332 qnam
1046 2275 1061 2313 a
1076 2257 1156 2314 nobis
1175 2258 1283 2329 possint
1298 2256 1429 2326 describi,
1449 2256 1492 2312 rel
1507 2256 1596 2319 ‚eiiam
1612 2257 1646 2291 ¹⁷²
1674 2259 1757 2316 nudis

87 2353 228 2420 animique
246 2354 376 2406 uirtutium
399 2353 550 2408 caercmdi.
564 2354 716 2424 Numquid
733 2356 843 2424 prodest
861 2359 899 2412 tot
948 2350 1123 2408 sermonibus
1138 2349 1268 2405 enarrari.
1286 2349 1352 2403 Nam
1366 2349 1428 2422 quis
1442 2349 1632 2405 arithmeticus
1645 2350 1680 2385 ²³⁸
1692 2352 1758 2408 satis

87 2445 111 2493 et
126 2443 219 2494 teritus
231 2443 314 2510 priris
338 2443 467 2496 uictorias
489 2441 624 2509 babuisse,
637 2445 680 2497 uel
698 2443 766 2513 quid
788 2445 900 2514 prodest
950 2453 1025 2500 cerlo
1041 2457 1158 2498 numero
1174 2441 1288 2496 ferratas
1304 2441 1365 2511 ejus
1387 2441 1463 2496 acies
1484 2442 1573 2496 valeat
1586 2452 1757 2514 computare,

86 2533 167 2583 terite
185 2529 900 2603 reqnonostrodominiosubjupossetentusquediei-
950 2532 1053 2588 nedum
1080 2531 1161 2587 etiam
1189 2530 1374 2587 describendo
1401 2530 1530 2586 uictorias
1558 2538 1586 2587 et
1605 2531 1759 2604 triumphos

86 2628 140 2682 tias
164 2627 281 2681 eliorum
299 2628 459 2694 cumulasse,
486 2629 512 2681 si
528 2629 683 2694 sumimur
712 2633 836 2687 subactos
850 2648 898 2688 nos
949 2633 1030 2682 tantae
1046 2623 1383 2681 multitudinisreciraro‘?
1405 2625 1442 2679 lie
1463 2624 1622 2679 Poznan¹⁷⁰
1638 2641 1757 2699 namque

87 2721 227 2787 contiueat
238 2720 292 2774 tec
310 2723 334 2774 et
349 2724 442 2775 nostro
455 2719 631 2790 perdidisse?
646 2722 700 2778 Sed
711 2723 744 2778 de
757 2726 805 2779 liei
818 2728 898 2780 mise·
948 2719 1022 2774 mille
1038 2717 1154 2774 trecenti
1174 2716 1279 2772 loricati
1300 2717 1402 2771 milites
1430 2732 1492 2772 cum
1513 2723 1631 2789 quatuor
1644 2718 1758 2774 milibus

86 2815 361 2886 ricordiouestroque
382 2816 516 2884 probitate
530 2822 664 2888 comperta
682 2820 796 2889 confido,
824 2821 896 2891 quod
945 2811 1128 2882 clipeatorum
1145 2810 1273 2872 militum,
1305 2809 1339 2865 de
1366 2808 1497 2865 Gneznen
1516 2809 1551 2844 ¹⁸⁰
1573 2811 1648 2866 mille
1675 2812 1757 2883 quin·

85 2907 110 2960 si
124 2906 240 2959 viriliter
253 2908 282 2960 ia
297 2907 444 2960 certamine
457 2907 601 2973 resistatis,
617 2909 643 2963 si
656 2924 728 2964 more
740 2910 819 2965 solito
835 2911 896 2977 tor·
946 2901 1022 2976 genti
1047 2899 1153 2956 loricati
1186 2906 1214 2954 et
1244 2898 1369 2971 quinque
1397 2898 1472 2954 milia
1503 2899 1696 2979 clipeatorum,
1723 2901 1757 2956 de

87 2997 307 3062 titerinondutis
317 2997 534 3067 sijaetuatinset
548 3001 737 3068 promissiones
752 3003 782 3056 in
794 3003 898 3072 predis
922 3038 934 3061 ,
948 2992 1099 3048 Wladislau
1113 2992 1145 3027 ²⁸¹
1160 2998 1249 3047 castro
1274 2991 1427 3063 octingenti
1442 2989 1550 3075 loricati
1565 2999 1593 3047 ot
1611 2992 1667 3048 duo
1682 2992 1758 3050 milia

88 3086 242 3141 diuidendis
257 3091 282 3141 et
296 3088 464 3141 inconvictis
479 3090 545 3142 meis
560 3089 669 3144 babitus
687 3090 726 3144 ad
740 3094 896 3146 memorium
946 3084 1138 3156 clipeum,
1158 3081 1193 3136 de
1213 3081 1306 3137 670071
1333 3082 1367 3116 ’⁸‘
1392 3082 1444 3150 t78)
1460 3083 1575 3138 liecenli
1600 3082 1709 3139 loricati
1729 3091 1758 3140 el

87 3175 896 3248 reducatis,bodievictoresflnemluboriscoutinuitncielis,
948 3171 1092 3229 duomilia
1112 3169 1308 3241 clipeatorum
1332 3169 1370 3224 hii
1395 3186 1493 3226 Omnes
1518 3170 1659 3227 70777587ῐηὶ
1675 3181 1703 3227 ei
1721 3173 1755 3229 ud

88 3272 113 3323 ct
127 3271 237 3338 iiurrper
251 3269 355 3334 fumum
380 3272 539 3338 perpetuom
562 3284 593 3324 oe
613 3270 803 3341 triumphalem
818 3274 899 3327 vieto
948 3268 1022 3323 bellu
1034 3266 1185 3323 doctissimi
1197 3265 1232 3299 ¹⁸³
1248 3265 1339 3340 magni
1355 3265 1389 3300 ¹⁸⁸
1406 3265 1541 3321 Bolezlasi
1553 3272 1679 3337 tempore
1694 3283 1758 3338 pro·

90 3361 163 3413 riom
184 3359 341 3428 acquiretis.
369 3357 419 3411 Sin
446 3373 508 3412 uero
531 3360 607 3426 victi,
633 3359 706 3429 quod
732 3374 787 3414 uon
808 3360 899 3425 eredo,
950 3358 1097 3414 cedebant.
1113 3359 1150 3412 lie
1165 3356 1226 3411 aliis
1241 3357 1276 3391 ¹⁸⁶
1295 3372 1360 3412 uero
1376 3357 1533 3412 ciuitatibus
1555 3362 1583 3411 et
1597 3358 1718 3413 castellis
1730 3364 1759 3414 et

89 3452 208 3519 turritis,
224 3465 283 3504 cum
293 3451 354 3503 sitis
369 3449 480 3514 domini,
497 3452 568 3505 seui
581 3452 765 3507 Rutbutorum
777 3458 802 3507 et
815 3468 861 3509 eos
875 3458 901 3509 et
949 3448 984 3482 ²⁸⁶
1010 3447 1092 3501 nobis
1121 3446 1220 3519 longus
1235 3450 1262 3499 et
1282 3443 1408 3499 inlinitns
1424 3444 1501 3500 labor
1515 3454 1558 3501 est
1575 3461 1716 3514 enarrare,
1731 3454 1759 3503 et

90 3537 124 3570 ²⁶⁷
137 3539 190 3606 tilii
203 3542 289 3594 uestri
309 3542 397 3608 eritis,
412 3546 437 3597 et
452 3543 562 3612 insuper
571 3558 664 3612 ponus
677 3559 727 3613 pro
748 3545 836 3599 illotis
864 3545 899 3580 ²⁸⁸
949 3537 1028 3594 vobis
1043 3536 1157 3593 forsitan
1175 3534 1348 3590 fastidiosum
1362 3533 1445 3589 luerit
1460 3534 1513 3590 hoc
1528 3535 1635 3591 andire.
1657 3536 1711 3591 Sed
1728 3544 1758 3592 ut

91 3626 899 3709 iniuriisturpissimerependetis.llaecethiissimiliarege
948 3632 1028 3688 vobis
1056 3630 1197 3686 l'astidium
1221 3628 1385 3684 numerandi
1408 3629 1627 3700 praetermittam,
1656 3646 1758 3686 nume·

94 3716 219 3773 bolezlao
235 3718 426 3789 proloquente,
441 3734 539 3775 omnes
553 3721 596 3776 sui
614 3721 714 3777 milites
729 3723 821 3778 hastas
833 3738 899 3779 suas
949 3723 1107 3780 rumrobis
1131 3723 1192 3778 sinc
1215 3736 1331 3777 numero
1361 3720 1546 3777 multitudinis
1578 3731 1756 3793 anteponam.

92 3811 260 3866 unanimiter
275 3810 457 3882 protulerunt,
472 3828 558 3885 seque
578 3830 640 3870 cnm
657 3814 797 3887 triumpho
816 3815 899 3872 malle
950 3814 1046 3869 Plures
1061 3828 1179 3885 namque
1196 3811 1316 3867 babebat
1340 3827 1388 3867 rex
1402 3810 1545 3867 bolezlaus
1563 3810 1664 3868 milites
1689 3811 1757 3868 lori·

767 3921 877 3977 vtRlAE
890 3920 1077 3977 lectiones

130 4021 163 4055 ²⁵⁷
178 4036 319 4094 regnoque
328 4020 518 4079 Ruthenorum
528 4024 901 4094 potentissimo-remeabat
913 4024 1079 4081 desuetam
1089 4025 1181 4092 srupm
1197 4022 1266 4091 pos
1275 4026 1305 4077 in
1317 4028 1445 4078 conuetu
1457 4037 1551 4091 uerep.
1573 4020 1630 4077 135.
1648 4021 1682 4075 ab
1696 4037 1757 4077 uer-

94 4092 143 4147 bis.
157 4091 350 4147 Tunedemum
367 4093 496 4164 pollicem
511 4110 595 4165 usquc
608 4098 643 4151 od
663 4095 812 4152 remeabat.
826 4096 843 4153 3
858 4097 908 4151 tuti
920 4097 996 4152 ruodo
1013 4098 1201 4150 curculionem
1212 4096 1364 4150 contrabit:
1382 4093 1456 4148 Tune
1467 4091 1608 4148 Boleslaus
1618 4092 1760 4148 civitatem*

94 4178 220 4236 magnam
237 4169 265 4217 et
278 4163 438 4234 opulentam
459 4165 535 4221 nullo
549 4166 603 4221 sibi
614 4167 761 4224 resistente
772 4167 942 4243 ingrediens,
957 4166 1048 4240 gladio
1065 4166 1091 4220 iu
1110 4181 1219 4220 auream
1233 4171 1338 4235 portam
1349 4163 1493 4236 percussit.
1511 4163 1633 4235 Cumque
1646 4162 1757 4218 civitate

96 4234 300 4304 potentissima,
316 4251 458 4309 regnaque
472 4236 660 4294 bulbenomm
681 4240 814 4310 polirent,
834 4255 895 4295 eum
909 4254 1010 4313 magno
1026 4238 1156 4293 thezauro
1168 4237 1194 4290 in
1213 4237 1354 4291 Poloniam
1364 4233 1514 4289 remeabat.
1526 4234 1560 4289 'ii
1575 4236 1606 4288 ,tt
1620 4234 1695 4288 illum
1709 4249 1757 4304 pre

93 4305 170 4360 illum
188 4306 280 4376 itaque
296 4304 322 4362 3.
364 4307 399 4341 ²⁴³⁹
413 4307 506 4389 gladio
518 4308 545 4366 3.
587 4309 864 4382 ²⁶⁰adpropriapro
884 4317 912 4366 et
932 4310 1059 4381 pecunia.
1084 4307 1110 4365 3.
1149 4308 1183 4344 ¹⁶¹
1200 4305 1601 4377 'amque-propinquantem
1614 4306 1711 4385 desunt
1727 4304 1754 4360 3.

94 4377 129 4411 ²⁶¹
146 4392 208 4431 cum
225 4377 334 4432 Plancis
353 4388 380 4432 et
397 4377 572 4434 Pincinatiris
583 4381 680 4436 desunt
692 4383 717 4437 3.
771 4382 806 4416 ²⁶⁸
820 4382 1003 4436 arbitrabatur
1018 4396 1137 4462 namque
1151 4325 1303 4433 deduxerat
1320 4379 1417 4432 desum
1435 4376 1462 4433 3.
1519 4376 1553 4410 ²⁶⁸
1567 4391 1677 4431 eencras
1696 4382 1755 4430 erut

91 4448 175 4503 ised
194 4456 350 4504 correctma
370 4451 399 4503 in
414 4467 429 4504 e
446 4452 661 4518 transformavit.
704 4453 738 4488 ²⁸⁸
754 4459 809 4508 tum
825 4454 850 4507 l.
867 4455 894 4508 2.
933 4453 969 4488 ²⁶⁶
983 4459 1098 4508 coartari
1110 4456 1168 4506 erut
1179 4448 1205 4504 2.
1231 4450 1275 4504 sed
1288 4450 1546 4515 transumuntume
1564 4453 1709 4502 correctore
1727 4449 1757 4502 in

93 4519 244 4575 cohortari.
289 4520 446 4576 ’iideestt
491 4522 677 4593 ²⁸⁸jpillatist.
701 4525 730 4578 2.
752 4528 861 4580 incuria
880 4526 983 4581 scribe.
1019 4523 1123 4577 ΜΛ.
1142 4520 1320 4590 transponiti
1367 4520 1402 4554 ²⁷⁰
1421 4521 1453 4573 ut
1467 4534 1513 4572 rex
1535 4517 1702 4580 bolezlavus,
1715 4517 1754 4572 vi-

95 4590 166 4645 dens
186 4605 251 4645 suos
270 4591 372 4645 milites
391 4593 559 4663 paucos-iu
580 4595 752 4653 contraditi.
770 4596 819 4650 toli
838 4597 934 4664 ruodo,·
960 4598 991 4650 rlt
1016 4610 1063 4649 rex
1080 4593 1108 4646 Β.
1130 4593 1228 4647 videns
1247 4607 1312 4646 suos
1328 4590 1430 4645 milites
1445 4603 1548 4660 paucos
1570 4604 1641 4655 esse,
1664 4589 1756 4645 hostes

96 4676 162 4716 vero
179 4662 257 4733 quasi
269 4663 378 4717 cencies
389 4670 493 4718 tantum
510 4663 577 4732 fere,
592 4680 658 4722 suos
670 4666 774 4722 milites
795 4667 955 4722 confortans
973 4673 1000 4721 et
1014 4666 1048 4721 de
1073 4665 1120 4719 llei
1136 4662 1327 4719 misericordia
1342 4660 1495 4717 conlidens.
1546 4659 1580 4693 ¹¹¹
1596 4663 1635 4714 itu
1648 4664 1757 4730 corripit

95 4733 159 4788 edit.
176 4739 248 4788 Vnus.
262 4733 481 4790 confertissimos
495 4737 568 4792 codd.
613 4736 648 4771 ²⁷¹
662 4737 783 4793 bostium
796 4737 835 4791 ibi
851 4737 944 4794 strauit
956 4745 1097 4810 prostrag·
1108 4752 1152 4790 ss.
1174 4751 1196 4790 r.
1212 4734 1230 4788 i.
1248 4735 1266 4789 l.
1283 4737 1310 4788 3.
1366 4731 1400 4766 ¹³³
1415 4737 1619 4802 peremptorum
1635 4731 1755 4787 bostium

96 4813 201 4875 quanta
220 4804 306 4859 millia
326 4804 532 4862 ibiceeideriut
561 4823 672 4863 narrare
697 4825 747 4878 pro
772 4809 891 4864 hostium
919 4805 1285 4880 peremptorum—erasisse
1306 4803 1332 4859 3.
1364 4803 1411 4858 eui
1443 4805 1526 4858 etiam
1549 4818 1600 4859 uox
1629 4818 1756 4858 enarrare

96 4876 154 4930 utin
168 4891 255 4930 manu
270 4877 362 4932 additu
377 4884 498 4946 apparet.
527 4879 697 4936 ¹⁷‘eruorem
713 4879 739 4935 3.
785 4880 915 4936 ”iterum
930 4879 956 4935 3.
993 4878 1141 4950 ¹⁷⁶regis3.
1180 4877 1282 4944 ”liam
1296 4876 1323 4930 Ξ.
1335 4875 1406 4931 deest
1421 4875 1447 4929 3.
1482 4874 1755 4930 ²³⁸artbimetieust.

95 4947 289 5002 artbimaticus
321 4953 380 5002 erut
403 4949 431 5012 2,
457 4950 503 5004 scd
523 4957 655 5007 correcte
672 4967 687 5006 a
702 4955 833 5023 posterius
849 4957 904 5008 int
924 4954 1059 5018 mutauit;
1084 4948 1259 5004 arismetieus
1285 4947 1301 5001 3
1338 4944 1528 5002 arithmeticus
1551 4946 1646 5002 suomi
1673 4947 1758 5015 tepere

97 5019 160 5073 edit.
180 5024 250 5074 Vurs
280 5019 314 5053 ²³⁹
329 5018 365 5073 lle
381 5035 480 5092 magna
495 5022 672 5092 populatione
684 5023 776 5079 linezn
802 5031 830 5078 et
844 5024 925 5079 Poan.
943 5023 1083 5078 ciuitatum
1099 5021 1174 5075 addit
1187 5023 1217 5075 in
1229 5023 1355 5089 murqiue
1365 5022 1454 5090 prisca
1466 5034 1566 5073 munus
1580 5016 1607 5072 2.
1636 5015 1671 5050 ¹⁰⁰
1683 5015 1757 5071 Gne·

97 5105 148 5160 ana
167 5089 193 5145 3.
244 5090 277 5125 ²⁸¹
294 5089 451 5144 wladislau
474 5091 500 5146 ³.
542 5094 577 5127 ²⁸²
590 5093 676 5150 Gdetb
693 5112 797 5166 queque
809 5097 861 5166 lepi
871 5101 955 5166 potest
976 5095 993 5148 ἢ
1021 5093 1046 5147 3.
1063 5096 1151 5162 quiue
1164 5098 1210 5147 eit
1223 5108 1278 5148 nou
1290 5093 1371 5160 focile
1381 5093 1598 5158 distinerentur:
1615 5089 1756 5155 Posterm,

96 5161 244 5230 sedprimus
261 5177 361 5218 monus
379 5162 591 5231 deleuitGdebc,
607 5172 633 5221 et
648 5169 738 5236 posuit
762 5171 792 5221 iu
809 5170 933 5236 rnarqine
956 5164 1066 5219 Gitanslr
1087 5166 1114 5220 2.
1158 5162 1193 5199 ²⁸³
1203 5163 1363 5219 de....ssimi
1377 5161 1403 5218 3.
1444 5162 1557 5217 ²⁸⁸dcest
1577 5160 1603 5215 3.
1641 5159 1758 5216 ²⁸⁵th

96 5240 122 5285 1.
145 5233 238 5286 dueum
249 5239 274 5287 et
288 5233 314 5286 2.
328 5234 411 5289 sedin
426 5238 647 5305 murqiuecudem
659 5253 747 5293 manu
759 5242 921 5308 appositum.
966 5237 1080 5292 ¹⁸⁶deest
1093 5237 1119 5291 3.

786 5386 790 5392 .
871 5338 977 5406 NOTAE,

129 5435 386 5507 (75)S¹¹³l⁰l>1¹¹⁶h0
399 5452 513 5512 genero.
529 5438 558 5493 ll.
952 5441 1024 5497 bane
1039 5440 1171 5496 munitam
1194 5439 1389 5495 destruxerunt
1413 5435 1526 5492 Bobemi
1551 5451 1576 5489 a.
1599 5432 1679 5490 1039.
1699 5433 1758 5490 Non

130 5508 185 5576 ⁴77}
200 5507 279 5574 3377,
294 5505 383 5574 Catii„
397 5523 474 5563 xvru.
490 5511 518 5564 S.
954 5515 1037 5585 longe
1052 5529 1068 5567 a
1083 5511 1212 5583 praedicm
1227 5509 1295 5564 urbe
1317 5508 1423 5580 [Gdeezl
1445 5512 1555 5561 ventum
1571 5512 1629 5562 crat
1648 5505 1681 5561 ad
1701 5522 1758 5561 me-

131 5580 184 5648 (ist
199 5579 300 5645 Gdecz,
315 5594 389 5634 nune
404 5579 493 5645 Gicez,
514 5580 542 5636 in
557 5597 658 5656 magno
678 5583 777 5638 ducatu
794 5582 901 5639 Pozna-
953 5584 1083 5654 tropolim
1094 5583 1232 5636 Grrezden.
1244 5580 1281 5634 Gi.
1299 5580 1420 5643 Cosmus,
1436 5578 1503 5647 [ιβ.
1519 5581 1545 5636 S.

95 5650 183 5708 nicasi
209 5652 282 5709 inter
304 5650 454 5721 Wrzesuia,
475 5653 561 5708 Sroda
588 5660 616 5709 ot
643 5654 768 5725 liostryu.
802 5653 901 5712 Urbem
