3720 6014
85 238 117 295 rt
688 219 860 282 Stuberram
885 221 1144 279 oubuuacehffls.
1714 212 1748 272 ΤΞ

83 352 206 436 breejus
221 362 367 427 interfecit,
388 375 469 432 quem
498 365 561 414 octo
586 359 652 434 iuga
678 357 764 413 boum
776 356 820 413 rix
835 362 890 410 tra·
901 359 928 427 Α
941 361 1045 421 rentur,
1059 369 1141 410 cecus
1164 368 1214 425 per
1228 368 1278 408 eos
1290 351 1472 419 illuminatur,
1489 352 1595 418 dicens,
1625 365 1656 405 se
1682 349 1748 404 illue
1769 334 1771 340 ’

88 460 154 516 here
167 463 314 530 potuerunt
340 454 374 508 ad
403 453 581 508 cremandum
604 468 611 517 ;
632 451 660 506 in
674 443 803 520 hispania
822 448 890 504 dro·
942 448 1090 518 pervisum
1106 446 1242 501 directum
1253 460 1315 500 esse
1332 444 1366 498 ab
1382 443 1525 499 Ambrosio
1540 443 1684 514 episcopo,
1700 441 1748 497 di-

87 555 144 610 sius
158 550 414 624 historiographus;
429 549 457 603 in
481 546 625 619 Aquitania
644 547 772 612 Severus
788 544 835 616 qui
849 544 891 598 ri-
942 544 1034 602 ceule,
1050 550 1079 590 ὅθ
1099 534 1125 589 in
1147 536 1245 590 h0f¹1¹¹¹
1259 539 1407 604 maldrum
1433 532 1573 588 ⁰⁰ss³0sii⁰
1585 531 1748 602 demmin

87 650 142 698 tam
153 640 259 695 ldartini
280 638 373 694 atalia
394 638 480 692 multa
500 635 624 706 scripsit,
651 635 892 707 quiinseneetaa
943 645 1003 685 esse
1023 629 1063 700 (11.
1091 628 1140 700 m.)
1170 626 1265 683 Stilico
1294 643 1391 698 pacem
1415 625 1527 681 fratrum
1552 625 1749 695 imperatorum

87 728 242 804 Pelagianis
255 725 556 795 seductussilentium
572 740 660 796 usque
670 724 705 778 ad
715 730 831 778 mortem
849 728 892 776 te·
942 709 1125 773 interturbare
1139 717 1246 781 volens,
1264 715 1400 770 Alaricum
1427 729 1519 786 regem
1540 713 1690 770 Gothorum
1704 710 1750 766 ie·

87 822 158 888 nuit,
182 818 300 876 tacendo
325 819 478 893 corrigens,
498 817 570 888 quod
595 816 736 887 loquendo
758 813 890 885 peccavit.
943 811 981 867 cit
992 810 1114 866 ordinari
1125 810 1286 884 magistrum
1299 808 1417 863 militum
1433 809 1509 876 (151)

88 909 571 986 (l'.Seruot)lnGalliaSeverinus
603 906 804 982 Agripinonsis,
830 905 893 958 Ser·
979 904 1041 958 tot.
1098 904 1124 956 Ἰ.
1163 903 1208 957 at.
1249 901 1294 956 19.
1336 901 1381 955 at.
1419 900 1464 954 24.
1521 901 1538 955 6
1588 900 1630 954 li.
1668 898 1713 953 at.

87 1005 177 1060 ratius
196 1002 446 1074 quoquedocimus
471 997 709 1073 Tungrensium¹⁶
731 995 892 1068 episeopus,
979 995 1018 1065 (d.
1040 993 1127 1066 Pont.)
1156 993 1335 1048 Innocentius
1362 992 1492 1048 Romane
1523 991 1658 1047 aecclesiae
1688 990 1752 1044 dilus

89 1092 198 1148 Domini
213 1089 298 1146 nostri
317 1090 382 1144 lesu
395 1087 494 1142 Christi
509 1086 743 1160 consanguineus,
775 1099 830 1138 non
849 1098 893 1138 so·
945 1085 1066 1158 presidet
1089 1085 1120 1137 ¹⁷.
1151 1085 1199 1140 llio
1226 1083 1349 1140 decrerit
1369 1083 1445 1157 pacis
1460 1083 1583 1139 osculum
1607 1081 1754 1137 admissas

90 1182 145 1238 lum
160 1197 192 1238 ex
207 1197 240 1237 eo
256 1179 508 1252 quodrolnntatem
526 1176 574 1230 bei
603 1174 689 1247 patris
703 1172 831 1234 iaciebat.
845 1172 895 1228 sed
945 1174 1014 1241 dari,
1030 1174 1145 1229 sabbato
1158 1173 1296 1243 ieiunium
1311 1172 1458 1239 celebrari,
1472 1170 1535 1228 oleo
1550 1171 1584 1226 ad
1614 1186 1682 1225 usus
1710 1169 1755 1224 in·

90 1269 172 1324 etiam
198 1266 350 1323 secundnm
377 1280 499 1320 carnem.
523 1269 595 1332 (Gen.
620 1261 787 1333 Servatiiiui
816 1268 896 1315 natus
946 1263 1087 1319 firmorum
1112 1263 1147 1318 ab
1173 1262 1304 1334 episcopo
1333 1269 1494 1317 consecrato
1522 1261 1605 1315 licere
1628 1261 1668 1315 uti
1697 1275 1753 1314 non

90 1361 202 1432 quidem
218 1358 247 1413 in
265 1356 377 1413 Perside
405 1355 479 1410 iilius
507 1354 558 1410 luit
584 1353 703 1418 Emmiu,
728 1353 807 1424 cujus
821 1359 898 1424 pater
947 1354 1035 1409 solum
1049 1352 1221 1422 presbiteris,
1237 1351 1287 1407 sed
1297 1352 1426 1406 omnibus
1442 1350 1524 1406 etiam
1539 1348 1709 1416 christianis,
1724 1348 1754 1402 in

90 1452 142 1508 luit
156 1450 235 1507 Eliud
248 1449 332 1504 irater
345 1447 495 1514 Elisabeth,
524 1461 585 1518 qnae
615 1444 724 1517 peperit
742 1444 897 1499 iohannem
948 1463 1025 1501 suam
1052 1461 1222 1516 suorumque
1243 1444 1436 1500 necessitatem
1459 1442 1620 1517 unguendo.
1643 1441 1753 1509 (Pnosr.

91 1543 347 1618 baptistamldater
371 1540 530 1597 veroliliud
554 1548 581 1596 et
601 1540 750 1607 Elisabeth,
764 1538 896 1603 Esmeria,
947 1536 1015 1590 Aua.
1033 1540 1069 1590 Do
1094 1537 1186 1590 locares.
1215 1533 1316 1604 88.)ln
1345 1533 1485 1588 Britannia
1510 1531 1755 1605 Pelagiusexecra-

90 1633 344 1698 sororsuithnnae,
373 1646 435 1703 quae
462 1629 560 1704 genuit
579 1629 689 1684 hiarium
715 1628 897 1683 matremllo-
924 1627 994 1683 'bili
1015 1628 1139 1684 doctrina
1170 1627 1316 1684 ecclesiam
1341 1627 1438 1684 Christi
1469 1627 1608 1683 maculare
1645 1627 1753 1693 nititur,

92 1725 172 1780 mini,
909 1710 1053 1783 Bdicens,
1066 1716 1209 1772 bominem
1232 1715 1293 1770 sine
1307 1716 1396 1791 gratia
1408 1714 1457 1771 bei
1482 1729 1567 1786 posse
1580 1713 1681 1769 salvari
1696 1712 1755 1768 suis

127 1811 238 1869 101111.
268 1811 295 1869 3.
335 1810 363 1866 P.
390 1807 435 1864 20.
474 1810 501 1864 l'.
531 1810 575 1866 15.
614 1808 643 1864 B.
672 1807 719 1867 20.
757 1806 799 1862 W.
815 1807 860 1861 20.
949 1810 1307 1881 meritis:unumquenque
1327 1810 1361 1864 ad
1380 1807 1756 1881 justitiampropriavolun·

319 1903 362 1957 W.
392 1902 420 1956 2.
458 1901 544 1964 0.to,
584 1900 615 1954 11.
631 1899 675 1956 20.
950 1898 1222 1971 tateregi3inlantes
1241 1897 1301 1952 sine
1316 1904 1429 1968 peccato
1445 1897 1573 1971 originali
1597 1896 1685 1963 nasci,
1708 1895 1756 1951 sed

129 1998 437 2070 (umillomanorum
466 1995 620 2067 provincias
642 1995 707 2050 hinc
740 1993 898 2065 wisigothi,
951 1993 1005 2043 tam
1022 1988 1147 2043 insontes
1164 2002 1237 2054 esse,
1267 2002 1349 2059 qnam
1376 1985 1472 2041 insons
1505 1984 1555 2041 fuit
1578 1985 1662 2041 Adam
1694 1992 1757 2039 ante

93 2089 158 2144 inde
170 2087 239 2143 Huni
256 2074 376 2161 graviter
392 2085 542 2140 incursant.
572 2084 665 2139 ilomae
679 2081 820 2139 celebrato
843 2083 900 2153 gla—
951 2078 1214 2148 prevaricationem
1235 2093 1288 2131 uec
1314 2077 1378 2133 ideo
1397 2078 1580 2149 baptizandos
1607 2093 1679 2144 esse,
1695 2084 1724 2132 ut
1741 2093 1757 2130 a

93 2178 210 2233 diatorio
225 2177 302 2242 ludo,
317 2175 483 2231 Telematius
509 2174 661 2229 monachus
686 2174 834 2241 increpans
849 2185 901 2242 po·
951 2178 1065 2240 peccato
1078 2169 1227 2237 solvantur,
1241 2168 1290 2224 sed
1301 2178 1331 2224 ut
1344 2186 1395 2240 per
1409 2169 1587 2241 adoptionem
1604 2169 1631 2224 in
1641 2183 1755 2244 regnum

93 2265 187 2336 pulum
203 2264 334 2319 attentius
359 2263 517 2334 spectaculo
541 2263 703 2328 inhiantem,
732 2260 901 2331 lapidatore
951 2264 1000 2319 bei
1028 2263 1301 2334 ammittanlnr3qui
1331 2264 1382 2319 etsi
1406 2279 1463 2320 non
1490 2263 1675 2334 baptizentur,
1697 2278 1757 2318 esse

94 2354 207 2426 populo.
230 2354 308 2410 Unde
329 2352 452 2410 offensus
472 2352 609 2409 lionorius
624 2353 783 2424 imperator,
799 2351 901 2423 gladia·
950 2364 1043 2413 tamen
1063 2359 1104 2413 eis
1131 2365 1208 2413 extra
1233 2373 1347 2432 regnum
1375 2359 1423 2413 liei
1449 2364 1580 2414 aeternam
1605 2367 1632 2413 et
1651 2359 1757 2412 beatam

94 2447 195 2502 torium
211 2446 307 2501 ludum
323 2445 415 2500 edicto
430 2459 480 2500 suo
496 2445 698 2516 imperpetuum
719 2443 844 2499 remouit·
951 2449 1054 2514 vitamc
1069 2449 1153 2503 Adam
1175 2449 1264 2504 solum
1286 2463 1337 2505 suo
1352 2455 1465 2520 peccato
1490 2448 1578 2504 losum
1592 2464 1666 2515 esse,
1684 2464 1759 2502 eum-

131 2538 193 2592 101.
231 2538 261 2592 i·
301 2537 350 2592 2¹·
395 2537 437 2591 ¹6·
476 2538 521 2592 16.
563 2537 607 2592 21·
652 2537 680 2592 3.
725 2538 769 2591 li¹
812 2536 860 2590 Ἡ·
952 2542 1759 2614 quemortuumessenonexcuipaemerito,sedexcon-

130 2628 315 2698 Imperatores
342 2625 431 2681 zelum
448 2625 533 2695 puluis
557 2625 600 2679 sui
628 2625 774 2681 Theodosii
804 2624 900 2679 seculi·
953 2631 1057 2688 ditione
1068 2631 1251 2703 nalurae;qui
1278 2633 1428 2687 moriturus
1443 2631 1550 2698 inisset,
1580 2631 1758 2686 etiamsinon

93 2715 194 2786 jubent
208 2718 235 2771 iu
250 2723 307 2772 toto
320 2717 388 2772 urbe
411 2717 534 2772 Romano
554 2717 656 2788 templu
686 2716 822 2772 idolorum
853 2717 903 2771 de·
953 2730 1103 2794 peccasset.
1131 2723 1244 2779 Dicebat
1269 2723 1362 2791 ctiam,
1391 2722 1483 2778 irritas
1514 2738 1575 2777 esse
1603 2721 1760 2787 orationes,

95 2808 174 2875 strui,
191 2808 366 2864 hieronimus
386 2815 413 2863 et
428 2807 542 2863 iluimus
557 2808 742 2881 Aquileiensis
757 2807 902 2879 presbiter,
955 2830 1015 2886 qnae
1029 2815 1099 2869 liunt
1107 2815 1141 2869 ab
1153 2815 1290 2875 aecclesia,
1312 2813 1370 2869 sive
1382 2828 1431 2886 pro
1453 2811 1625 2881 infidelibus,
1637 2813 1696 2868 sire
1709 2829 1760 2883 pro

99 2909 159 2955 orta
176 2900 248 2955 inter
261 2916 291 2955 se
304 2899 443 2955 simultate
458 2916 507 2972 pro
535 2900 727 2972 questionibus
750 2899 902 2971 scriptura·
954 2908 1094 2964 fidelibus,
1111 2909 1188 2965 Hunc
1200 2916 1226 2964 et
1240 2908 1391 2965 caelesfium
1419 2907 1594 2964 guntranum
1609 2908 1761 2979 complices

98 3006 169 3057 rum,
186 2991 273 3046 libros
300 2991 496 3047 invectivarum
521 2991 588 3046 suis
606 2990 719 3063 quidem
748 2989 902 3058 luculento,
952 3001 1013 3068 ejus
1026 2999 1435 3071 innocentiuspapauamnanc
1452 2999 1626 3056 hieronimus
1637 3014 1760 3072 qnoque,

96 3082 144 3136 sed
162 3081 245 3136 nimis
263 3082 387 3138 mordaci
400 3096 529 3138 sermone
557 3081 585 3136 in
600 3081 759 3137 alterutrum
774 3082 901 3137 couscri-
952 3089 1121 3162 Augustinus
1132 3095 1159 3144 et
1172 3088 1218 3143 alii
1242 3104 1291 3145 eos
1306 3096 1337 3143 ut
1355 3087 1419 3143 hdei
1434 3089 1527 3144 hostes
1538 3089 1621 3144 armis
1635 3088 1761 3144 ueritatis

97 3172 179 3227 bunt.
953 3178 1161 3255 impugnabant.
1181 3179 1278 3251 tdrss.)
1294 3179 1447 3236 orientales
1478 3180 1560 3236 etiam
1580 3180 1699 3253 graviter
1713 3195 1762 3234 ex-

131 3264 196 3321 toa.
238 3264 267 3321 5.
308 3265 356 3321 22.
400 3266 445 3321 tr.
485 3265 530 3320 22.
568 3265 617 3323 22.
668 3266 696 3322 t.
743 3266 782 3320 l2.
821 3266 865 3321 22.
953 3268 1038 3342 agitat
1052 3276 1126 3324 mota
1148 3268 1561 3339 debeoquestio,utrumbeus
1575 3269 1763 3339 sitcorpuset

132 3354 251 3426 (Prusa.)
266 3354 384 3409 Sanctus
399 3353 531 3409 Martinus
546 3355 634 3410 aetatis
649 3370 722 3410 anno
734 3355 780 3422 8l,
794 3355 903 3426 episco-
957 3360 1105 3414 humanum
1121 3375 1212 3415 scema
1229 3360 1340 3427 habeat,
1364 3377 1398 3415 an
1428 3361 1464 3415 sit
1483 3361 1664 3431 incorporeus
1684 3369 1711 3414 et
1728 3361 1763 3415 ab

95 3453 178 3517 patus
188 3460 252 3502 vcro
267 3447 303 3501 26
316 3445 387 3501 obiit
400 3445 454 3501 hoc
469 3462 542 3502 anno
555 3447 710 3503 seeundum
726 3443 905 3519 Prosperum',
955 3447 1077 3503 humano
1092 3455 1213 3503 scemate
1241 3449 1354 3504 omnino
1377 3448 1485 3503 alienus
1514 3466 1521 3514 ;
1545 3447 1764 3519 simplicioribus

97 3539 144 3612 qui
160 3541 266 3607 scribit,
283 3557 346 3596 eum
361 3539 454 3596 obisse
469 3557 542 3597 anno
561 3543 590 3596 5⁰
613 3542 741 3597 Archadii
766 3551 793 3598 et
812 3543 905 3599 llono·
955 3540 1041 3596 Deum
1068 3555 1231 3612 corporeum
1264 3548 1290 3596 et
1323 3541 1375 3595 sub
1403 3542 1523 3596 humano
1549 3548 1669 3597 scemate
1701 3555 1763 3595 esse

97 3635 130 3690 rii
147 3636 251 3708 ;(Sr.v.)
265 3636 349 3690 immo
364 3635 516 3691 secundum
542 3638 684 3701 Severum,
701 3637 748 3709 qui
763 3637 860 3693 scribit
875 3637 903 3691 in
955 3629 1153 3697 astruentibus,
1163 3628 1224 3684 eliis
1234 3629 1514 3696 hoedestruentibus‚

97 3724 401 3792 vilacjus(150),eum
424 3733 619 3794 postmortem
645 3723 906 3779 Priscillianisede-
993 3722 1057 3777 105.
1098 3720 1115 3775 8
1168 3720 1217 3776 25.
1258 3721 1305 3776 20.
1347 3721 1395 3776 25.
1436 3721 1484 3777 25.
1528 3722 1552 3776 7.
1593 3721 1639 3777 15.
1680 3721 1726 3775 25.

98 3812 152 3868 cim
175 3827 262 3867 annos
276 3812 386 3867 vixisse.
993 3811 1086 3867 Romae
1098 3811 1190 3865 Alexis
1219 3812 1403 3868 Romanorum
1427 3811 1594 3867 nobilissimi
1614 3811 1766 3866 vitamira-

136 3903 197 3957 tua.
244 3903 270 3955 6.
309 3901 358 3957 23.
403 3902 448 3957 18.
489 3902 536 3956 23.
578 3902 626 3958 23.
677 3903 705 3956 tt.
746 3902 787 3968 13,
824 3902 870 3958 23.
958 3902 1022 3956 bilis
1045 3902 1183 3956 declarata
1203 3909 1245 3956 est
1273 3921 1280 3969 3
1310 3904 1358 3976 qui
1386 3903 1475 3974 prima
1504 3903 1662 3974 nuptiarum
1683 3909 1765 3958 nocte

135 3994 173 4064 (V.
189 3991 291 4064 Ambr.)
305 3992 465 4048 Ambrosius
492 3993 705 4047 Mediolanensis
720 3993 800 4060 obiit,
825 3993 904 4063 cujus
953 4009 1083 4065 sponsam
1098 3994 1269 4065 relinquens,
1297 4011 1348 4065 pro
1375 3995 1481 4051 Christo
1509 3995 1703 4067 peregrinatus
1721 4001 1765 4049 est

96 4086 180 4142 vitam
197 4083 327 4139 Paulinus
351 4083 472 4139 Nolanus
494 4084 648 4155 *episcopus
663 4083 697 4139 ad
720 4084 903 4158 Augustinum
955 4101 1004 4156 per
1015 4085 1137 4141 sedecim
1153 4102 1252 4154 annos,
1268 4095 1295 4142 et
1311 4086 1419 4142 tandem
1436 4084 1509 4158 apud
1534 4087 1656 4142 Edissanr
1677 4086 1764 4158 Syrias

100 4173 262 4244 episcopum
282 4173 421 4228 describit·
447 4173 556 4242 (PROSu
576 4191 583 4227 τ
600 4172 687 4244 iube.)
708 4172 756 4227 iiic
775 4173 905 4228 Paulinus
955 4181 1051 4235 urbem
1067 4180 1187 4252 imagine
1199 4187 1301 4235 sancta
1316 4181 1457 4255 genitricis
1472 4181 1562 4235 biariae
1582 4197 1646 4236 eum
1668 4179 1763 4234 divul-

99 4264 173 4319 Nolae
189 4263 362 4335 postmodum
377 4263 537 4334 episcopus,
554 4280 616 4319 cum
627 4272 701 4319 esset
718 4263 945 4382 innumerabi-D
956 4282 1050 4348 gente,
1070 4273 1135 4327 inde
1146 4288 1257 4344 quoque
1278 4271 1358 4346 sugit,
1379 4280 1407 4327 et
1429 4273 1463 4327 ad
1488 4280 1596 4344 portum
1612 4272 1764 4328 Romanum

99 4359 166 4415 lium
187 4359 346 4430 prediorum
356 4359 497 4426 dominus,
518 4358 684 4413 ammirabili
699 4359 906 4430 exenrploren·
957 4379 1012 4418 nou
1036 4372 1135 4434 sponte
1156 4362 1299 4433 appulsus,
1315 4379 1329 4416 a
1345 4369 1423 4433 patre
1439 4377 1490 4418 suo
1518 4368 1550 4418 ut
1577 4377 1682 4433 pauper
1695 4361 1767 4416 cxci-

98 4449 165 4504 ditis
178 4449 308 4504 omnibus
321 4449 484 4522 religionem
499 4449 738 4521 elegitexpeditus
754 4467 761 4517 ;
776 4450 907 4507 cuiTera·
957 4456 1031 4530 pimr
1046 4455 1089 4528 (cf.
1106 4460 1170 4511 Arm
1183 4457 1249 4511 beod
1257 4456 1270 4525 )
1283 4455 1380 4527 ibique
1409 4455 1477 4510 nulli
1502 4455 1629 4531 cognitus
1644 4455 1766 4511 sedecim

98 4543 139 4597 sia
155 4558 187 4597 ex
208 4543 326 4618 conjuge
342 4559 422 4600 soror
447 4543 528 4613 iacta,
555 4552 679 4616 equatur
694 4544 781 4601 beatae
792 4546 854 4602 vitae
869 4552 908 4602 te·
959 4564 1048 4604 annos
1061 4563 1156 4624 agens,
1174 4556 1270 4604 tenore
1284 4548 1346 4604 ritae
1371 4563 1427 4603 suae
1443 4546 1472 4603 in
1488 4555 1563 4604 carta
1578 4547 1718 4618 descripto
1734 4547 1766 4612 ¹⁸,

98 4636 229 4692 alimonio
245 4643 272 4692 et
285 4638 394 4693 merito.
411 4638 501 4694 liicse
515 4639 677 4710 episcopum
690 4655 740 4711 pro
755 4639 864 4710 captivo
879 4637 908 4693 fi·
958 4637 1040 4705 obiit,
1055 4644 1083 4693 et
1102 4638 1197 4694 divina
1223 4654 1291 4694 voce
1314 4638 1516 4706 manifestatus,
1541 4644 1625 4695 totam
1653 4637 1766 4694 llomam

96 4724 134 4781 lio
150 4727 282 4797 pauperis
293 4726 384 4783 viduae
404 4728 432 4783 in
447 4728 610 4785 servitutem
635 4728 744 4784 barbari
778 4729 907 4799 addixit;
958 4737 1071 4802 stupore
1081 4737 1109 4786 et
1127 4730 1229 4805 gaudio
1249 4728 1350 4787 affecit.
1374 4729 1416 4801 (11.
1441 4734 1492 4798 m.)
1515 4730 1658 4786 lohannes
1677 4728 1767 4784 drisc-

96 4818 146 4874 sed
163 4819 297 4876 divinitus
317 4820 442 4891 proditus
466 4821 530 4895 quis
552 4830 637 4888 esset,
662 4823 765 4878 multos
782 4823 908 4894 captivos
958 4831 1063 4881 atomus
1091 4825 1253 4892 Eudoxiam,
1280 4840 1393 4881 uxorem
1421 4824 1550 4880 Archadii
1583 4821 1768 4896 imperatoris,

97 4903 219 4964 libertati
236 4909 354 4964 restituit
379 4909 422 4982 (11.
436 4911 484 4980 m.)
513 4910 570 4967 lice
584 4919 709 4983 tempore
733 4911 760 4966 in
773 4911 850 4966 ltalia
864 4912 908 4969 Si·
958 4915 1117 4986 multosque
1132 4913 1307 4970 sacerdotum
1335 4912 1452 4969 iniectos
1472 4914 1589 4981 habens,
1604 4912 1770 4984 episcopatu

95 4996 214 5065 sinnius,
230 4997 367 5053 llartirius
377 5003 404 5053 et
418 4997 600 5054 Alexandera
623 4999 775 5074 gentilibus
787 5000 908 5058 martiri·
958 5005 1071 5076 pellitur
1093 5012 1121 5061 et
1148 5005 1284 5061 exiliatur.
1308 5004 1363 5062 Sed
1390 5005 1494 5077 populo
1522 5020 1572 5078 pro
1589 5005 1642 5062 hoc
1664 5000 1771 5059 tumul-

96 5099 204 5149 zantur.
231 5093 351 5160 Quorum
372 5109 488 5166 corpora
514 5110 575 5150 cum
599 5094 785 5153 llediolaunm
814 5096 908 5154 deler·
959 5105 1065 5166 tuante,
1081 5105 1234 5156 revocatur.
1250 5098 1378 5156 Secundo
1389 5098 1541 5166 exsiliatur,
1553 5099 1602 5155 sed
1615 5102 1766 5155 terremotu

776 5201 887 5259 VAlilAE
901 5202 1093 5261 uberiores,

136 5305 160 5340 ¹⁸
179 5306 394 5382 Truugrensium
411 5307 435 5363 1.
457 5305 478 5342 ¹⁷
489 5309 530 5362 lto
546 5307 571 5363 1.
587 5321 655 5363 corr.
672 5306 843 5364 clllliillllll.
858 5310 908 5366 rell
935 5310 957 5346 ¹⁸
970 5309 1096 5381 descipto
1112 5311 1138 5364 1.

884 5416 991 5474 NOTAE.

135 5524 204 5582 111101
217 5525 311 5582 Potins
324 5527 352 5581 in
374 5527 487 5603 bialogo
505 5525 539 5582 de
563 5524 624 5582 virt.
640 5526 727 5582 saneti
750 5527 826 5585 biart.
852 5529 899 5597 lll,
991 5530 1180 5599 (151111111ος
1209 5531 1252 5588 his
1282 5531 1309 5587 id
1326 5529 1437 5598 iactum,
1455 5532 1576 5603 primum
1593 5532 1628 5586 ab
1640 5531 1773 5597 Arcadio.

102 5592 137 5648 15
151 5594 280 5655 lllliSdll.
951 5601 1054 5658 deinde
1068 5603 1102 5658 ab
1119 5603 1217 5660 Attalo.
