3720 6014
119 202 192 275 tsts
621 194 763 252 aauuttt
782 193 938 251 tuattatt
958 194 1105 252 uouxottt
1125 194 1273 253 ttoattto.
1732 198 1789 254 ttts

121 335 185 392 stris
205 331 377 404 temporibus
392 328 582 386 decorabatur.
609 331 753 405 ingressus
769 328 861 401 itaque
875 344 925 383 ec·
939 331 965 401 Α
978 327 1070 383 censis
1086 326 1168 400 burgi
1187 326 1358 397 consumpsit
1373 335 1489 399 partem.
1510 325 1699 400 incognitum
1713 331 1790 381 auten

121 430 245 495 clesiam,
260 425 445 482 exhortatorio
464 441 593 480 sermone
615 423 745 496 populum
766 438 926 480 commone·
979 418 1532 488 babeturutrumcasuaio,aniurtivum
1561 418 1643 474 idern
1663 415 1792 472 fueritis
1828 430 1831 436 ’

122 523 251 589 faciebat,
265 522 326 576 vitan
341 520 484 592 praeeatis
511 519 720 575 mutabilitatem
737 517 843 592 lugere,
865 517 927 572 vitae
977 511 1120 568 caudium.
1137 511 1222 567 Nocte
1236 508 1374 582 siquidem
1396 528 1459 584 quae
1481 510 1716 567 sacratissimum
1732 509 1793 564 dien

122 612 219 668 futura
235 609 412 667 stabilitatem
430 608 570 683 flagrantis
589 607 673 662 animi
689 606 829 663 desiderio
842 622 930 677 appe·
977 599 1150 655 dominicum
1167 600 1277 654 Paschae
1296 599 1441 656 subsecuta
1461 607 1515 668 est,
1549 600 1716 656 vehemens
1735 599 1795 674 ignis

123 715 191 761 tere.
211 706 284 759 lnter
298 710 397 759 caeteta
411 717 476 758 vero
503 701 613 757 blandis
637 700 865 772 persuasionibus
880 716 928 754 cx·
978 690 1207 762 1¹¹¹³¹¹¹¹00llllmit
1221 690 1475 762 d⁰ffl0l¹¹m2q¹¹aest
1490 697 1572 762 larte
1585 688 1795 760 S⁰P²⁰⁰¹si0⁰³¹t
1838 746 1841 777 ,

123 795 229 859 orabat,
246 809 280 848 ex
297 808 350 864 qua
375 808 404 846 re
419 799 474 846 tota
493 791 538 847 illa
553 789 706 846 exhortatio
720 789 857 862 originem
873 790 928 844 du*
979 790 1102 852 excell&
1128 786 1235 835 elima
1254 783 1379 834 ⁰¹³¹¹⁵¹1l³
1394 779 1519 849 ⁰1⁰⁸de
1535 778 1637 852 burgi·
1657 776 1726 841 Qua*
1741 794 1795 831 uum
1838 780 1841 785 ’

125 892 209 947 xerat,
229 892 366 954 quatenus
387 882 512 951 injuncto
531 881 584 936 sibi
600 881 677 952 operi
693 880 798 952 aliquid
813 880 929 935 subsidii
980 879 1054 929 esset
1073 870 1275 943 receptaculum
1292 870 1386 936 boum,
1402 871 1521 926 habebstl
1536 870 1596 926 seni
1609 870 1766 940 Plurimum
1778 878 1798 925 ll

125 974 326 1045 impendendo,
346 973 388 1028 vel
401 990 487 1044 pauca
506 973 672 1048 largirentur
687 973 861 1028 numismata.
878 972 931 1027 tid-
981 965 1131 1038 palearum.
1150 964 1210 1020 llaec
1222 979 1287 1020 vcro
1304 964 1369 1020 licet
1384 964 1439 1018 siut
1453 962 1531 1018 omni
1548 972 1687 1035 tempore
1700 962 1796 1017 laetissi

125 1070 288 1118 scatentem
312 1063 339 1117 in
357 1063 456 1118 cortem
473 1062 575 1133 populo
595 1062 713 1116 rusticus
732 1062 842 1133 quidam
863 1061 932 1115 tlar-
981 1070 1056 1108 mum
1072 1053 1146 1126 ignis
1161 1051 1352 1124 pabulenses
1367 1061 1458 1107 tamen
1480 1051 1687 1124 multomagis
1703 1061 1800 1121 tempe·

126 1171 185 1221 cus,
199 1155 247 1226 qui
262 1155 372 1209 sinistra
386 1154 545 1210 debilitatus
561 1169 642 1208 manu
653 1153 757 1208 nullum
772 1169 804 1208 cx
815 1169 846 1208 ea
862 1168 932 1225 opus
981 1152 1061 1212 sitm,
1077 1144 1142 1216 qula
1158 1143 1277 1199 exclusis
1305 1143 1420 1215 sellulis
1434 1143 1537 1211 lsssslist
1565 1143 1650 1199 ⁵0¹¹¹⁵
1667 1144 1761 1215 al{⁰³¹0
1775 1144 1801 1197 Ῑῑ·

127 1253 260 1302 attetttare
282 1246 401 1312 valebat,
422 1246 470 1300 scd
489 1244 581 1300 nervis
609 1244 768 1309 contractis,
785 1244 931 1316 digitorum
982 1237 1050 1292 bero
1079 1234 1145 1290 ttatu
1168 1234 1264 1291 orbem
1294 1234 1427 1306 perflabat
1455 1234 1604 1290 Gallicum·
1627 1234 1684 1298 Qui
1715 1235 1801 1288 0¹1¹ssl³

128 1335 332 1390 summitatibus
343 1334 435 1390 medio
447 1331 655 1405 palmaciulixis,
666 1333 821 1404 polliceque
835 1348 933 1404 super·
983 1342 1059 1382 more
1075 1342 1125 1382 suo
1151 1326 1283 1391 adurens,
1299 1325 1376 1381 arida
1396 1326 1569 1392 reddiderat,
1596 1324 1682 1380 nulla
1703 1325 1803 1396 penitus

128 1424 252 1491 astricto,
274 1425 385 1479 modum
414 1424 533 1494 aliquem
561 1422 654 1477 clauso
678 1437 771 1493 pugno
788 1428 932 1493 percutere
983 1422 1083 1493 pluviae
1098 1421 1219 1476 stillante
1235 1430 1312 1494 gutta
1339 1437 1389 1492 par
1411 1421 1517 1492 aliquot
1540 1421 1689 1492 temporis
1713 1420 1801 1492 spatia

128 1515 245 1570 valentis
273 1522 463 1586 expresserat;
491 1522 520 1569 et
539 1515 589 1569 ltac
619 1512 675 1568 lero
703 1530 752 1585 per
776 1513 934 1585 quinquen·
984 1513 1802 1588 igiturincipientetertianoctisparte,quaecatrticinium

129 1607 205 1661 trium
241 1604 370 1659 multatus
396 1603 549 1666 debilitate,
583 1603 657 1657 nulla
686 1604 855 1658 medicorum
881 1613 1108 1698 operocatur,
1138 1605 1376 1676 perstrepentibus
1403 1605 1457 1659 illis
1484 1604 1533 1676 qui
1567 1604 1658 1676 primi
1689 1604 1806 1660 videraut

129 1698 251 1769 adjuvari
282 1697 379 1766 potuit.
405 1697 487 1752 Porro
512 1703 646 1752 uot‘erant
671 1696 745 1751 illius
773 1697 933 1753 convicanei
986 1696 1078 1770 ignem
1095 1694 1334 1766 accendi‚vulgus
1349 1693 1486 1765 reliquum
1502 1694 1745 1766 expergefactum
1761 1703 1806 1749 ter-

130 1807 192 1846 eum
221 1790 280 1861 ipsa
321 1789 547 1844 incommoditate
586 1789 632 1845 diu
666 1790 820 1844 detentum.
851 1791 936 1863 igitur
987 1781 1090 1838 silicam
1106 1783 1180 1838 illam
1202 1798 1298 1839 vocem
1323 1799 1385 1837 cum
1410 1782 1540 1837 horribili
1566 1784 1685 1838 ulutatu
1700 1799 1809 1838 concae
1849 1850 1856 1869 ΙΙ

130 1895 195 1935 cum
224 1879 333 1932 audiret
352 1878 573 1948 praedicatorem,
602 1879 689 1934 Patris
715 1880 856 1935 Benedicti
880 1881 935 1935 vir·
986 1872 1083 1944 pabat;
1104 1871 1450 1938 ddsOtllmVldeliCObad
1474 1870 1589 1927 focum!
1613 1872 1680 1936 QUO
1695 1872 1807 1943 strepitu

131 1973 204 2024 tutes
228 1968 298 2021 inter
321 1966 374 2021 alia
396 1967 609 2037 praedicamenta
629 1969 732 2039 saepius
746 1970 935 2037 extollentem,
987 1964 1068 2020 exciti
1085 1964 1194 2031 iratres,
1211 1963 1340 2036 linquunt
1355 1969 1466 2030 stratus,
1483 1962 1640 2018 basilicam
1655 1963 1809 2034 irrumpen-

131 2058 292 2129 videretquc
313 2058 341 2113 in
362 2058 509 2129 praesentia
523 2066 679 2114 sanctorum
700 2061 882 2132 quorumdam
899 2062 938 2133 pi·
991 2063 1043 2112 tes,
1061 2057 1123 2113 Erat
1139 2062 1230 2112 autem
1247 2055 1343 2111 eadem
1364 2055 1479 2111 basilica
1494 2055 1533 2111 ob
1556 2055 1730 2127 paschalem
1746 2056 1811 2111 cele

132 2164 220 2221 gnora
234 2163 301 2203 auro
315 2147 431 2213 inclusa,
448 2165 510 2219 quan
523 2149 557 2203 ad
573 2150 743 2205 excitandam
755 2150 843 2220 plebis
855 2151 941 2206 devo·
992 2154 1118 2209 britatem
1136 2153 1331 2209 honestissime
1348 2151 1511 2208 holosericis
1538 2159 1701 2207 venustata
1717 2153 1814 2208 ornati·

133 2244 238 2299 tionem
254 2241 400 2312 praedictus
412 2239 504 2309 irater,
519 2257 612 2297 secum
628 2243 773 2311 detulerat,
790 2244 883 2312 credo,
899 2245 941 2299 in·
992 2247 1054 2314 bus,
1069 2247 1103 2301 ad
1119 2261 1188 2319 quos
1203 2245 1385 2316 deponendos
1414 2250 1441 2299 et
1461 2245 1489 2298 in
1504 2245 1724 2319 gazophylacio
1737 2260 1813 2316 repo·

134 2339 257 2410 spirante
282 2335 480 2406 omnipotentis
507 2336 614 2392 llomirti
641 2339 739 2412 gratia,
760 2339 807 2411 qui
822 2339 874 2396 sibi
891 2340 942 2395 hac
993 2339 1110 2406 nendos,
1126 2339 1299 2410 quoniamea
1314 2338 1414 2392 domus
1429 2336 1538 2393 fornice
1554 2336 1679 2408 lapideo
1699 2343 1813 2412 protege-

134 2428 282 2485 occasione
298 2426 424 2482 misereri
440 2428 625 2498 disposuerat,
645 2445 793 2487 conversus
808 2432 842 2486 ad
857 2448 940 2503 supe·
991 2431 1072 2485 batur
1088 2429 1215 2499 juniores
1237 2428 1272 2483 dc
1299 2427 1429 2482 iratribus
1460 2428 1594 2483 certatim
1620 2429 1813 2502 accinguntur.

134 2520 190 2574 rius
205 2525 384 2573 memoratum
400 2517 521 2587 fratrem,
539 2519 641 2590 inquit:
656 2521 804 2591 sperarat
823 2523 939 2585 dotatae,
992 2519 1370 2594 Quodcitissimepcragitur,
1383 2517 1542 2574 aliisscalas
1554 2519 1814 2594 erigentibus,aliis

135 2616 160 2667 et
174 2611 239 2681 tides
255 2611 302 2665 boc
321 2626 380 2665 meo
399 2615 499 2666 certum
522 2612 598 2681 opud
611 2628 639 2667 se
654 2615 759 2680 retinet,
775 2616 904 2683 quoniam
918 2617 943 2669 si
992 2631 1041 2686 per
1054 2614 1155 2687 gradus
1168 2629 1261 2668 carum
1273 2612 1308 2667 ad
1316 2610 1424 2686 fastigia
1435 2611 1526 2683 ipsius
1538 2611 1616 2667 aulae
1627 2613 1812 2678 evolantibus,

136 2706 195 2759 istis
210 2707 294 2759 suetis
308 2705 470 2774 pictionibus
485 2721 544 2775 qrtae
563 2707 592 2760 ia
605 2709 734 2776 presenti
743 2723 834 2775 cerno,
850 2713 943 2764 mortui
992 2707 1103 2778 etipsos
1114 2711 1228 2761 ornatus
1238 2703 1455 2776 deponentibus,
1471 2702 1537 2759 aliis
1547 2720 1598 2760 eos
1618 2706 1649 2760 in
1660 2706 1815 2761 laumerisct

136 2811 199 2851 meoe
211 2795 295 2850 debili
307 2795 436 2849 eccillum
455 2797 541 2851 croces
556 2797 673 2850 caterius
695 2798 725 2851 itt
750 2800 865 2853 cit-coitu
879 2801 943 2869 pta-
993 2801 1067 2856 ulnis
1079 2797 1305 2870 suscipientibus,
1322 2803 1348 2851 et
1374 2796 1409 2851 ad
1421 2796 1592 2866 jamdictum
1620 2807 1718 2853 tutum
1735 2799 1813 2854 locum

137 2890 220 2956 ostis,
232 2890 356 2943 inuocato
371 2890 475 2943 somine
487 2892 577 2943 suncti
590 2889 669 2958 cujus
687 2891 789 2957 (umuli
802 2893 875 2945 estis.
893 2893 943 2946 Bc·
993 2890 1193 2946 deferentibus
1214 2889 1271 2945 Nec
1292 2890 1383 2944 atinus
1411 2888 1549 2945 librorum
1572 2892 1815 2961 pernecessariam

137 2977 237 3030 ttctltctt'
247 2979 347 3043 Petris,
363 2977 443 3046 pulso
458 2978 605 3042 debilitate,
620 2982 748 3048 pta'sttrtoe
759 2980 942 3035 reddaturso·
955 3004 979 3070 C
994 2980 1101 3051 copiam
1117 2979 1245 3034 amittere
1265 2977 1336 3049 ignis
1357 2976 1488 3034 violentia
1508 2978 1765 3048 pertimescentes,
1778 2994 1817 3034 eo·

138 3070 242 3136 spitoti.
259 3067 357 3122 Audita
372 3068 420 3138 qui
436 3068 561 3136 aderant,
576 3070 636 3138 ejus
646 3069 842 3140 postulatione,
854 3076 882 3125 et
894 3071 943 3125 ad·
994 3073 1056 3128 dem
1072 3070 1263 3145 congessimus
1279 3085 1339 3125 eunt
1357 3076 1591 3124 testamentorum
1611 3077 1644 3125 et
1662 3071 1818 3144 privilegio·

139 3155 229 3209 mirati
245 3155 338 3220 ladem,
363 3163 457 3212 exorat
482 3163 509 3212 et
535 3157 603 3229 ipse,
625 3175 686 3230 quae
702 3160 859 3230 postulabat
872 3160 941 3216 lteri.
995 3178 1054 3217 rum
1067 3167 1223 3216 nostrorum
1235 3158 1383 3234 congerie;
1401 3157 1605 3214 metuebamus
1621 3159 1703 3214 enim
1720 3177 1755 3215 ne
1768 3171 1818 3215 tur·

141 3250 234 3304 Frater
245 3266 310 3306 vero
323 3250 428 3321 etipse,
442 3249 688 3308 lideniltilominus
698 3253 807 3324 plenus,
821 3253 944 3309 cottftsus
995 3255 1089 3322 ricula,
1106 3255 1133 3308 in
1158 3269 1211 3326 qua
1228 3253 1287 3309 haec
1304 3251 1447 3307 recondita
1467 3260 1563 3318 erant,
1582 3252 1699 3327 ignium
1720 3253 1817 3307 viribus

140 3340 175 3395 de
191 3345 345 3395 sanctarum
362 3341 463 3396 virtute
479 3341 657 3414 reliquiarum
680 3351 707 3398 ot
724 3343 831 3399 metitis
847 3344 943 3411 Patris,
994 3347 1191 3413 succumbens,
1213 3345 1241 3399 in
1261 3344 1368 3400 favillas
1387 3343 1573 3417 redigeretur,
1600 3359 1670 3399 cum
1694 3344 1766 3400 iorct
1784 3346 1814 3399 ri·

141 3430 260 3500 acceptis
275 3437 430 3485 sanctorum
452 3431 625 3505 pignoribus,
645 3449 756 3487 manum
774 3433 894 3489 debilem
912 3435 943 3489 il·
995 3454 1100 3492 marum
1116 3437 1208 3508 plena,
1224 3434 1360 3505 superiori
1381 3432 1510 3488 incendio
1535 3443 1726 3505 consumpta,
1746 3434 1814 3505 quod

143 3523 206 3591 lius,
235 3525 273 3579 uti
295 3533 448 3597 rogaverat,
476 3528 555 3601 signo
582 3527 672 3583 crucis
691 3528 811 3583 exterius
831 3529 949 3584 circum·
1000 3527 1105 3583 domini
1127 3525 1236 3580 abbatis
1259 3523 1380 3579 Gauslini
1405 3523 1457 3593 (25)
1480 3530 1615 3593 tempore
1641 3523 1817 3579 Florisceuse

143 3617 238 3674 cinxit.
268 3617 333 3682 Quas
358 3618 502 3675 confestim
532 3620 623 3675 nervis
642 3621 786 3692 strepitum
814 3622 948 3696 grandem
1000 3615 1366 3689 cteuoltiumpessumdedit.
1382 3615 1462 3669 Porro
1475 3612 1648 3681 junioribus
1663 3614 1693 3669 in
1706 3615 1751 3669 bis
1763 3632 1817 3686 qua

144 3709 274 3765 dantibus
288 3710 433 3767 sanitatem
450 3713 554 3783 recepit
568 3729 600 3768 ex
615 3713 733 3788 integro,
753 3713 846 3788 digitis
859 3714 951 3770 omui·
1002 3707 1211 3781 ptaelal'al'iffllls
1236 3703 1389 3775 Οὓῦὓβθῑῑῧι
1406 3701 1454 3774 (lui
1475 3702 1677 3778 Γθῖῑὲῑῡῧῑθῐθῧ
1702 3711 1820 3758 01³¹&oe

144 3800 196 3854 bus
219 3815 280 3855 seso
305 3801 486 3874 erigentibus.
515 3802 603 3874 Coepit
627 3803 720 3876 itaque
743 3804 816 3860 idem
834 3806 951 3861 rusticus
1001 3799 1189 3872 provectiores
1212 3805 1300 3861 erant,
1316 3794 1403 3850 Patris
1421 3793 1595 3849 sanctissimi
1620 3796 1749 3867 glebam.
1772 3811 1820 3851 non

146 3888 376 3946 ltaberclibcram
393 3908 516 3962 manum,
543 3894 589 3965 qui
618 3893 664 3948 diu
681 3892 814 3948 habuerat
827 3893 952 3949 inutilem
1002 3892 1092 3948 solum
1107 3889 1161 3953 lais,
1176 3886 1226 3942 sed
1245 3885 1375 3942 omnibus
1392 3885 1467 3959 gazis
1488 3884 1593 3940 millies
1623 3887 1822 3957 pretiosiorem

144 3979 468 4055 solummodopugnum.
501 3982 601 4036 Videas
620 3992 711 4037 autem
740 3982 768 4037 in
796 3999 826 4038 se
848 3989 954 4040 tautum
1004 3978 1161 4052 supradicto
1174 3973 1370 4051 gazophylacio
1389 3972 1555 4040 intulerunt,
1571 3989 1641 4029 cum
1658 3981 1822 4030 caeterorum

145 4071 350 4141 omnipotentis
366 4071 474 4125 bomini
499 4072 685 4140 elementiam,
714 4073 740 4127 ci
766 4089 815 4145 pro
833 4075 956 4145 possecl
1007 4072 1171 4150 pignoribus
1194 4077 1361 4136 sanctorum,
1390 4066 1487 4137 quiin
1515 4068 1620 4122 eadem
1638 4069 1824 4140 quiescebant

144 4163 214 4217 scire
228 4162 364 4218 referebat
376 4164 523 4237 gratiarum
539 4165 663 4221 actiones
679 4181 727 4236 pro
743 4183 792 4221 sua
813 4169 948 4224 reforma·
1000 4165 1129 4225 ecclesia.
1144 4161 1260 4226 Quidam
1281 4164 1372 4212 autem
1392 4155 1573 4210 sacratissimi
1598 4158 1737 4228 martyris
1752 4158 1823 4213 ldsu-

144 4255 471 4331 tione,agcnsetiamet
489 4257 561 4311 Patri
582 4257 731 4313 Benedicto
750 4266 851 4332 grates,
872 4261 951 4330 cujus
1002 4262 1023 4318 ri
1045 4256 1169 4314 membra
1196 4266 1362 4323 aureamque
1384 4249 1506 4304 dextram
1529 4249 1585 4319 (tlt)
1614 4249 1644 4304 in
1675 4269 1737 4322 apua
1765 4269 1823 4323 pars

145 4345 250 4400 meritis
266 4362 327 4401 sese
353 4346 467 4401 salutem
490 4355 669 4402 consecutum
686 4346 874 4417 profitebatur.
896 4349 951 4404 Nec
964 4365 990 4432 Ι)
1001 4349 1109 4408 Domini
1129 4345 1233 4402 sudarii
1258 4344 1375 4399 babetur
1393 4341 1511 4409 inclusa,
1535 4353 1726 4399 assumentes
1757 4346 1824 4400 toras

147 4437 238 4491 atinus
257 4452 365 4504 ontnes,
382 4437 429 4508 qui
455 4437 482 4491 iu
504 4437 629 4491 eamdem
650 4437 796 4493 ecclesiam
812 4454 951 4495 couvene-

148 4540 219 4597 rant,
231 4531 385 4587 diutissime
395 4532 523 4587 laudibus
535 4532 882 4602 Rettemptorisimmorati,
890 4534 953 4605 qui·

149 4622 200 4677 bus
214 4622 490 4689 valebantlaudibus,
504 4623 564 4691 ejus
578 4623 746 4681 extollebant
756 4624 895 4698 magnalia
905 4624 952 4697 qui

149 4714 176 4768 in
193 4714 362 4770 sanctissuis
378 4721 419 4770 est
434 4714 538 4785 ubique
552 4714 687 4769 mirabilis
702 4717 783 4783 (Psoi.
803 4733 872 4771 txvtt
899 4717 952 4783 361.

184 4806 247 4862 Car.
269 4808 369 4862 llllvll.
395 4839 429 4848 -
454 4807 535 4863 Auno
555 4806 625 4863 1095
648 4809 802 4863 incettdium
826 4810 952 4863 Ftomttci.

148 4899 313 4954 llibliotlteco
339 4903 365 4954 ct
383 4899 483 4953 cbortoe
496 4902 617 4953 semare.
644 4899 746 4954 Christi
769 4899 912 4954 stratorium
930 4903 955 4954 et

148 4995 211 5050 olioe
224 4996 347 5065 reliquie
363 4996 479 5064 {lammis
489 4995 604 5065 objectos.
621 4995 779 5050 Incendium
791 5011 942 5065 repressum

149 5091 227 5146 duno
247 5090 281 5144 ab
308 5090 500 5146 incarnatione
527 5088 635 5146 Domini
656 5088 804 5145 millesimo
829 5105 954 5165 nonage-

150 5183 220 5239 simo
233 5182 341 5255 quinto,
358 5182 468 5238 llamma
482 5182 588 5239 voracis
604 5182 676 5257 ignis
692 5181 838 5236 maximam
854 5181 955 5238 Floria-

187 5360 243 5431 (25)
263 5359 308 5416 Sic
328 5358 488 5431 legendum,
516 5368 564 5414 attt
586 5358 722 5426 Gauziini,
750 5358 828 5428 cujus
849 5359 956 5415 abbatis

152 5436 275 5503 tempore
292 5430 450 5487 incendium
466 5431 581 5504 contigit
596 5431 764 5502 descriptum
780 5431 814 5485 ab
830 5431 955 5488 dimoiuo

152 5517 233 5573 supra
249 5503 277 5556 in
293 5504 340 5557 lib.
359 5519 389 5570 tt,
403 5518 464 5573 cap.
480 5503 522 5558 ts.

176 5574 233 5643 (26)
246 5574 317 5631 Hinc
329 5591 383 5648 pro
399 5573 559 5651 insignibus
584 5573 769 5632 Floriacensis
798 5575 960 5633 monasterii

1003 4443 1160 4500 extulerunt
1181 4437 1310 4493 incendio
1335 4440 1521 4508 opponentes.
1549 4435 1607 4490 Sed
1632 4437 1703 4492 duan
1722 4453 1824 4510 trequa-

1003 4550 1086 4607 quam
1103 4531 1174 4604 iguis
1193 4530 1307 4584 odorem
1328 4527 1465 4582 sustinere
1483 4524 1624 4588 valerent,
1646 4527 1726 4582 inira
1740 4527 1825 4583 ambi·

1004 4631 1061 4680 turn
1078 4621 1160 4678 castri
1174 4635 1235 4674 sese
1250 4617 1428 4689 recipientes
1449 4630 1568 4670 ascenso
1584 4632 1669 4672 muro
1689 4617 1823 4688 implora·

1005 4717 1071 4772 bant
1087 4713 1193 4770 Domini
1209 4711 1351 4778 auxilium,
1365 4707 1501 4781 oppositis
1517 4708 1715 4765 nibilominus
1731 4712 1825 4765 incen-

1004 4807 1050 4862 dio
1064 4804 1149 4860 sacris
1164 4800 1336 4876 pignoribus.
1361 4797 1546 4855 loscerandus
1564 4815 1638 4854 vero
1655 4800 1752 4856 beatae
1769 4816 1824 4855 me·

1004 4896 1099 4952 moriae
1122 4895 1174 4962 vir,
1201 4893 1248 4966 qui
1273 4896 1447 4960 cotemporc
1472 4887 1583 4943 abbatis
1613 4889 1670 4960 427)
1704 4891 1824 4947 osticium

1004 4990 1077 5061 apud
1108 4987 1259 5044 Floriacum
1284 4994 1397 5041 strenue
1425 4983 1646 5055 exsequebatur,
1677 4985 1827 5057 assumptis

1003 5100 1097 5140 secum
1125 5081 1221 5154 paucis
1234 5079 1363 5136 iratribus
1376 5094 1439 5135 cum
1466 5076 1575 5149 pueris,
1591 5078 1644 5151 qui
1666 5080 1770 5136 adbuc
1783 5079 1828 5134 sub

1005 5176 1132 5236 arctioris
1149 5174 1304 5248 disciptinae
1333 5171 1458 5230 custodia
1480 5170 1671 5242 tenebantur,
1690 5174 1832 5231 domicilia

1006 5361 1060 5415 boo
1079 5360 1184 5434 elogio:
1211 5358 1334 5413 lluxrsaa
1356 5357 1468 5418 bostat,
1493 5362 1524 5410 ut
1547 5355 1662 5412 notavit
1681 5357 1835 5415 loannesa

1006 5433 1105 5574 Βυέῖο).
1122 5502 1190 5558 lluic
1216 5516 1271 5556 nou
1292 5499 1378 5555 multo
1401 5506 1462 5570 post
1488 5499 1632 5554 successit
1649 5500 1769 5568 Simon,
1786 5513 1835 5572 quo

1009 5573 1110 5630 abbate
1120 5573 1259 5631 tornatus
1273 5571 1422 5629 scribebat.
1444 5570 1515 5644 Lege
1527 5577 1614 5627 notas
1627 5572 1665 5628 ad
1682 5571 1775 5630 linem
1789 5574 1835 5628 bu·

128 5642 261 5720 elegitur
293 5648 391 5706 dextra
420 5666 499 5709 more
530 5649 727 5710 benedicentis
764 5656 878 5708 extenta
906 5664 971 5705 cum
1017 5645 1154 5718 tesana.
