3720 6014
99 194 167 253 1233

682 192 852 251 utulenta
871 192 984 250 SANCTl
1004 192 1189 249 euasurum.

1698 192 1774 292 test*

96 327 198 385 nostris
212 325 386 398 temporiBus
399 325 565 383 inauditum.
578 326 705 399 Benique
717 327 808 384 dictus
823 334 901 384 uter·
914 327 1026 400 Aquod
1039 332 1161 398 coeperat
1184 325 1247 394 iter,
1262 324 1377 382 ulterius
1395 324 1509 382 adoriri.
1527 325 1666 382 Reversus
1689 340 1766 401 ergo,

96 437 150 493 que
167 421 302 490 juvenum
322 418 356 474 ad
376 418 467 475 locum
488 418 648 489 hujusmodi
664 420 801 492 supplicio
816 420 903 476 desti·

96 527 188 573 natum
215 516 299 572 furcis
320 515 435 587 appensi
459 523 534 571 sunt.
562 516 638 572 Unus
667 516 752 592 igitur
780 516 899 586 illorum,

96 605 200 661 sodalis
227 604 357 660 videlicet
383 602 549 671 filiividuae,
576 605 714 677 extemplo
738 605 821 661 vitam
842 604 903 661 tini·

97 700 146 757 vit.
163 700 228 772 Ipse
248 706 350 763 autem,
379 699 414 755 ab
430 705 527 756 exortu
554 699 621 756 solis
637 716 726 772 usque
744 700 772 755 in
795 702 902 757 tertiam

96 797 192 852 boram
213 811 375 867 suspensus,
405 782 535 867 precibus
560 795 655 851 matris
671 795 731 864 eius
746 796 905 853 obsistenti·

98 887 150 943 bus
168 903 345 960 nequaquam
361 887 430 943 mori
444 887 543 958 potuit.
561 886 687 943 Pastores
709 887 814 959 quippe
829 904 906 945 more

97 991 148 1032 suo
161 977 348 1033 accelerantes
372 975 466 1031 videre
491 992 652 1048 suspensos,
669 977 734 1032 dum
755 978 790 1034 ad
815 978 906 1035 locum

96 1067 250 1134 venissent,
267 1073 384 1123 cernunt
402 1067 519 1123 alterum
546 1068 628 1124 vitam
651 1068 768 1140 finiisse,
789 1070 907 1127 alterum

100 1155 202 1213 vivere.
233 1157 467 1229 obstupescentes
490 1159 581 1231 itaque
606 1159 636 1214 in
658 1168 733 1216 tento
764 1161 906 1226 miraculo,

99 1246 183 1302 celeri
200 1263 281 1303 cursu
293 1247 417 1304 indicare
432 1257 487 1305 tarn
503 1249 637 1305 militibus
652 1266 735 1322 quam
752 1250 909 1321 promiscuo

98 1335 193 1408 vulgo,
222 1352 285 1407 quae
318 1337 455 1406 viderant,
481 1337 622 1395 festinant.
651 1338 701 1403 Qui
734 1356 909 1413 nequaquam

98 1424 191 1480 verbis
206 1440 302 1481 corum
328 1426 444 1495 creduli,
459 1428 582 1500 dirigunt
601 1428 648 1499 qui
671 1428 725 1483 sibi
738 1429 907 1497 renuntient,

98 1519 189 1568 utrum
209 1531 316 1585 verum,
333 1533 368 1572 an
384 1518 482 1573 falsum
499 1519 535 1574 sit
550 1520 623 1591 quod
645 1520 805 1576 audiebant
822 1523 854 1576 m
869 1521 908 1576 illi

952 417 987 474 ob
1005 416 1181 473 formidinem
1198 417 1310 499 nimiam
1324 431 1405 489 quarn
1420 415 1473 471 sibi
1487 415 1628 472 daemones
1642 415 1769 472 incussa

953 513 1026 575 rant,
1047 505 1181 562 memoria
1197 505 1325 562 excessit.
1347 507 1368 561 t
1397 506 1456 562 suis
1474 520 1540 561 vero
1566 505 1768 563 incrastinum

953 600 988 657 ad
1017 600 1220 656 monasterium
1234 600 1383 667 adductus,
1413 608 1442 655 et
1470 598 1574 655 ibidem
1594 599 1767 672 aliquantum

954 701 1118 761 remoratus,
1140 707 1190 764 pro
1206 707 1239 748 cc
1256 691 1444 764 omnipotenti
1459 691 1575 748 Bomino
1594 690 1663 747 fusis
1677 692 1768 764 preci·

955 789 1018 858 bus,
1031 788 1144 864 integrae
1161 789 1263 844 mentis
1290 788 1396 860 recepit
1408 788 1585 844 sobrietatem
1605 788 1712 844 meritis
1726 788 1768 860 ip·

955 884 1013 940 sius
1028 900 1111 957 quern
1127 885 1303 940 invocaverat
1317 885 1414 940 Patris.

992 975 1053 1031 Can.
1070 976 1168 1032 xtvll.
1186 1008 1221 1018 -
1234 979 1332 1034 Seruus
1346 976 1513 1034 uindicatus.
1534 977 1622 1051 llugo,
1642 975 1767 1033 bidulfus

959 1069 1136 1143 cognomine,
1157 1086 1230 1126 unus
1248 1071 1366 1126 militum
1400 1070 1580 1126 Patriciacum
1608 1069 1767 1126 inhabitan-

959 1158 1037 1222 tium,
1059 1174 1120 1214 cum
1141 1159 1170 1213 in
1186 1159 1248 1214 aliis
1263 1160 1475 1233 quampluribus
1487 1161 1578 1216 eidem
1592 1161 1653 1217 loco
1668 1161 1767 1217 adver·

960 1257 1076 1317 seretur,
1103 1250 1246 1320 eujusdam
1269 1252 1415 1308 seditionis
1440 1252 1466 1306 in
1492 1252 1589 1307 endem
1616 1250 1767 1307 villaintcr
1798 1278 1801 1282 ·

960 1341 1069 1414 equites
1093 1350 1194 1398 exortae
1228 1343 1384 1411 occasione,
1406 1359 1461 1399 una
1488 1344 1594 1399 dierum
1620 1359 1767 1418 aggressus

960 1430 1106 1500 quemdam
1126 1430 1271 1498 rusticum,
1292 1431 1442 1487 Guarinum
1462 1433 1585 1500 nomine,
1611 1447 1627 1487 a
1654 1433 1715 1487 lecu
1730 1433 1765 1488 dc

959 1525 1071 1580 Cumbis
1087 1528 1324 1600 cognominatum,
1355 1534 1383 1583 ct
1409 1529 1499 1600 ipsum
1514 1528 1548 1584 de
1564 1527 1668 1584 familia
1680 1527 1767 1584 Patris

98 1604 145 1675 qni
161 1605 237 1660 missi
252 1604 373 1674 fucrant,
384 1606 418 1662 ad
444 1608 534 1664 locum
556 1609 700 1681 suspendii
713 1618 904 1682 properantes,
919 1641 945 1710 B
959 1615 1143 1689 progenitum,
1165 1617 1240 1673 nulla
1263 1617 1344 1686 justae
1369 1617 1490 1689 querelae
1510 1617 1646 1673 existente
1670 1633 1765 1685 causa,

96 1692 133 1747 “a
161 1709 221 1748 ⁰⁵⁵⁰
246 1694 286 1749 ¹¹¹5
316 1703 441 1765 Ρῑῑδῑθῐθ8
464 1696 591 1752 dixerim
622 1705 835 1772 ⁰⁰B¹¹⁰⁵0⁰ssi082
865 1701 907 1759 cis
957 1720 1010 1765 tam
1026 1711 1176 1766 crudeliter
1187 1711 1382 1767 vchcravitut
1395 1713 1421 1766 ei
1434 1711 1576 1768 Brachium
1592 1711 1764 1767 contriverit.

96 1788 144 1859 qui
161 1805 190 1845 se
205 1789 340 1845 miserant
360 1791 494 1847 referunt.
513 1792 646 1849 admirati
661 1809 769 1863 omnes,
794 1796 907 1854 mittunt
957 1798 1084 1855 Rusticus
1098 1815 1163 1855 veru
1191 1800 1266 1855 idem
1290 1801 1430 1857 neminem
1461 1816 1573 1856 suarum
1601 1801 1764 1872 injuriarum

95 1883 142 1954 qui
161 1884 365 1940 adolescentem
389 1886 505 1954 solvant,
522 1894 550 1943 et
568 1888 621 1943 sibi
636 1896 820 1960 praescntent;
847 1907 906 1947 rern
956 1889 1097 1962 reperiens
1112 1890 1241 1958 ultorem,
1257 1892 1322 1947 dum
1337 1907 1392 1948 non
1409 1892 1532 1953 baberet,
1553 1907 1637 1964 quem
1653 1891 1767 1964 potissi·

97 1973 131 2027 ab
151 1988 184 2029 eo
203 1988 314 2030 omnem
334 1975 446 2046 plenius
475 1977 611 2032 rescituri.
640 1976 815 2053 Cognoscunt
837 1995 904 2055 ergo
956 1999 1028 2038 mum
1045 1999 1101 2039 suae
1122 1983 1241 2055 querelae
1263 1984 1427 2041 advocatum
1455 1982 1560 2040 faceret
1587 1983 1702 2056 (qnippe
1722 1983 1765 2041 vir

95 2067 185 2123 viduae
205 2067 279 2124 illius
302 2068 430 2141 lacrymis
445 2076 473 2125 ct
488 2071 628 2142 precibus,
656 2087 738 2143 quam
759 2072 904 2127 ecclesiam
955 2075 1094 2146 superbus
1107 2082 1176 2144 crat,
1193 2076 1240 2148 qui
1257 2092 1319 2132 eum
1340 2076 1489 2141 ceciderat,
1509 2083 1537 2130 et
1551 2075 1762 2130 nullireveren-

95 2162 204 2218 ccncito
222 2179 302 2218 cursu
318 2164 431 2234 petiisse
457 2163 596 2235 perfusam
627 2165 754 2237 lacrymis
768 2165 905 2234 viderant,
956 2167 1021 2223 tiam
1042 2166 1206 2236 deferebat),
1231 2168 1330 2224 anxius
1345 2169 1435 2238 valde,
1455 2168 1490 2223 ad
1511 2167 1554 2222 sui
1570 2165 1763 2222 domiuiauxi-

98 2257 316 2328 omnipotentem
331 2258 477 2314 Bominnm
493 2259 577 2314 vitam
597 2257 654 2315 filio
670 2260 730 2329 ejus
744 2276 793 2332 per
808 2261 907 2317 merita
956 2258 1022 2313 lium
1043 2256 1167 2331 confugit
1181 2257 1334 2314 Benedicti.
1348 2260 1492 2331 ingressus
1507 2257 1600 2328 itaque
1615 2256 1762 2313 ecclesiam

95 2348 183 2404 Patris
195 2349 348 2415 Benedicti,
369 2367 451 2422 quem
479 2351 608 2407 devotius
628 2359 798 2419 exoraverat,
812 2369 904 2409 rescr·
955 2343 1078 2412 ejusdcm
1094 2346 1180 2416 patris
1194 2346 1369 2418 appropiavit
1388 2346 1476 2413 altari,
1500 2353 1527 2401 et
1539 2361 1623 2417 super
1642 2361 1676 2400 eo
1693 2360 1762 2403 con·

94 2452 172 2491 rasse
201 2453 285 2508 snper
312 2438 364 2493 hoc
387 2438 459 2495 sacto
486 2439 696 2515 magnificantes
724 2440 812 2512 ipsius
833 2441 903 2512 1010.
954 2436 1047 2492 tritum
1064 2437 1210 2508 imponens
1229 2437 1383 2505 brachium,
1407 2439 1466 2494 hacc
1484 2438 1567 2493 verim
1589 2453 1651 2493 curn
1674 2436 1762 2493 multo

94 2531 225 2587 mentium
249 2531 459 2604 Omnipotentis.
483 2535 606 2606 Bcniqnc
636 2535 821 2609 interrogatus
834 2538 904 2593 ado·
953 2528 1058 2602 gemitu
1074 2534 1166 2584 mente
1186 2529 1308 2601 profudit
1319 2528 1453 2585 contrita:
1470 2530 1576 2597 sancte,
1593 2527 1694 2600 inquil,
1710 2530 1762 2584 Βθ·

95 2621 214 2688 lesccns,
232 2621 374 2693 professus
389 2629 431 2678 est
448 2640 478 2678 se
492 2623 594 2678 nullam
616 2622 760 2680 lusionem
783 2627 904 2683 sensisse
953 2623 1067 2687 aedicit,
1080 2624 1120 2676 mi
1133 2623 1251 2689 domiue,
1272 2625 1348 2677 tuum
1359 2638 1401 2677 me
1416 2624 1546 2692 profiteor
1564 2635 1679 2689 seruum,
1694 2625 1720 2676 ct
1737 2624 1763 2676 tc

92 2726 142 2781 per
161 2715 248 2765 totum
268 2727 326 2765 suae
346 2711 539 2782 suspensionis
554 2712 684 2783 spatium.
707 2713 783 2769 Unde
799 2714 900 2784 conjici
950 2714 1270 2783 meumjurcdcmiuum.
1288 2715 1761 2782 Ccmrislmccontritumbruelrium;

92 2803 173 2860 datur
184 2805 272 2880 magis
283 2821 346 2860 cum
359 2821 408 2877 per
423 2805 604 2881 indigentiam
616 2825 697 2879 quarn
707 2825 757 2880 per
769 2810 902 2865 malitiam
952 2810 1028 2861 tuum
1042 2809 1111 2872 eret,
1134 2809 1158 2860 et
1171 2810 1271 2876 preter
1289 2809 1314 2860 te
1329 2822 1404 2861 ritmo
1419 2807 1490 2862 alius
1512 2810 1545 2862 tu
1558 2823 1587 2862 ec
1598 2807 1763 2863 deminutio·

92 2898 263 2955 commisisse
277 2899 388 2956 furtum.
951 2916 1011 2955 nem
1025 2916 1148 2955 euercerc
1162 2900 1298 2956 debuerat.
1318 2902 1393 2957 Situ
1415 2903 1485 2957 illud
1505 2905 1692 2971 compegimus,
1712 2901 1763 2957 cd·

129 2987 190 3042 Car.
221 2988 307 3043 XLVI.
334 3019 368 3030 -
382 2992 568 3046 Dumcuiucus
592 2992 728 3046 liberatus.
759 2991 1046 3086 Gautcriusceersus
1065 2992 1205 3047 tertullum
1219 2992 1345 3048 baderun
1365 2997 1550 3065 questionem,
1575 2997 1704 3065 quonium
1723 3000 1763 3053 cst

93 3085 126 3139 dc
144 3083 275 3155 Capriaco
293 3084 416 3157 quadam
434 3092 515 3141 nocte
536 3102 598 3158 quae
613 3085 761 3141 Sabbatum
778 3087 900 3158 praeibat,
952 3087 993 3139 tui
1004 3084 1091 3154 juris.
1112 3085 1175 3151 Sed,
1191 3087 1230 3140 mi
1242 3085 1358 3153 dominc,
1374 3101 1459 3156 quare
1471 3088 1622 3158 permisisti
1640 3090 1671 3140 ut
1684 3086 1762 3156 Hupo

92 3182 125 3236 ad
149 3188 280 3248 castrum,
310 3183 384 3253 quod
411 3183 489 3240 lions
511 3183 603 3239 Sancti
632 3183 768 3238 vincentii
787 3186 902 3250 ,nuncu-
951 3178 1091 3245 bidulfus,
1107 3179 1151 3232 cut
1162 3179 1192 3231 in
1204 3179 1278 3232 rtattlc
1290 3178 1438 3233 clnculum
1448 3181 1497 3246 est,
1508 3178 1579 3233 illud
1591 3182 1764 3235 contereret?

89 3285 180 3349 patur,
208 3275 352 3343 festinans,
384 3279 532 3350 exoptabat
557 3278 900 3335 adforelrominumcon·
951 3270 1064 3326 N02‘ttis
1078 3283 1119 3323 W>
1133 3269 1167 3323 ab
1178 3268 1228 3323 12⁰0
1242 3269 1287 3323 die
1301 3271 1365 3335 tuis,
1381 3270 1484 3324 velitis
1498 3270 1657 3325 'tull0m0d0
1668 3271 1763 3337 famu·

90 3370 240 3439 venticulo,
255 3370 329 3443 quod
342 3386 392 3441 pro
405 3371 544 3426 mercibus
557 3370 741 3443 congerendis
749 3369 809 3426 fieri
821 3386 900 3427 asso·
952 3362 1017 3427 lari,
1037 3361 1093 3414 ⁷th5
1116 3360 1149 3414 df
1161 3361 1248 3429 ipsius
1261 3360 1372 3415 bt'alht'O
1396 3365 1422 3415 0⁸
1434 3376 1544 3431 ⁶⁰²‘P0f0
1561 3361 1665 3431 justum
1679 3363 1762 3417 uuiti·

89 3459 139 3515 let.
149 3459 226 3515 Unde
238 3467 292 3515 tam
304 3459 364 3530 ipse
372 3458 558 3515 conventiculi
571 3458 647 3515 loeus
663 3475 744 3531 quam
757 3459 898 3533 negotium
950 3469 1010 3510 uem
1024 3455 1153 3520 aceperis.
1180 3451 1226 3506 llis
1246 3455 1274 3507 et
1292 3451 1451 3520 hujusmodi
1463 3452 1588 3521 {vocibus
1603 3451 1701 3509 iratres
1712 3453 1760 3525 qui

90 3551 128 3607 ibi
149 3552 272 3607 habitum
292 3556 443 3607 mercatum
468 3552 551 3626 volgo
571 3551 679 3607 dicitur.
710 3551 752 3606 Fit
778 3567 843 3607 vere
871 3551 900 3607 in
951 3543 1065 3598 ederant
1085 3547 1112 3597 Οἱ
1139 3543 1200 3598 1Ιὶὓο
1214 3541 1376 3609 audiebam,
1396 3542 1432 3596 ad
1454 3541 1590 3613 ¹³⁰ll¹¹¹³⁸
1605 3542 1759 3614 provocati,

89 3643 188 3696 codem
201 3641 263 3697 locu
274 3642 302 3696 in
313 3641 438 3697 sabbato.
451 3641 629 3713 ltaque,dum
641 3640 668 3695 in
679 3639 740 3696 loco
751 3639 899 3694 Planclria·
951 3633 1055 3705 pariter
1069 3632 1184 3701 flebant,
1200 3640 1227 3689 ct
1242 3632 1302 3702 ejus
1315 3632 1404 3703 iuncti
1418 3632 1579 3708 gemitibus,
1595 3632 1693 3689 eadem
1713 3648 1760 3690 cx·

90 3732 227 3788 Guillclmi
256 3732 330 3788 dicto
364 3730 571 3803 praeterlegeret
616 3729 757 3786 fluviolum
792 3729 901 3784 lllldra·
951 3728 1111 3799 poscebant.
1150 3725 1257 3791 Quibus
1294 3725 1452 3798 peroratis,
1489 3726 1607 3782 rusticus
1644 3726 1762 3782 ecclesie

88 3837 147 3877 cam
161 3821 229 3894 (36),
245 3821 293 3893 qui
310 3820 473 3876 Patriciaeos
493 3819 644 3890 praeterluit
668 3835 749 3894 agros
768 3835 840 3891 equo
856 3835 900 3874 rc·
950 3829 1078 3888 egressus
1104 3815 1247 3889 aegerrime
1262 3815 1296 3870 ad
1312 3831 1391 3870 sunm
1413 3815 1545 3871 remcavit
1559 3815 1760 3874 habitaculum.

88 3912 192 3980 sidens,
202 3912 366 3985 nullumque
379 3911 486 3967 babens
498 3911 640 3978 comitem,
655 3909 763 3985 ingenti
781 3910 899 3981 primum
950 3906 1036 3963 Porro
1052 3907 1131 3964 Pater
1145 3914 1257 3964 sanctus
1269 3908 1427 3964 nullatcnus
1439 3907 1675 3981 querimoniarum
1686 3906 1761 3964 illins

87 4006 264 4063 tremefactus
275 4013 360 4072 metu,
376 4004 814 4077 persensitarlcssedaemones,et
825 4002 899 4059 obli·
950 3996 1065 4064 oblitus,
1084 3997 1111 4051 in
1127 3996 1278 4072 malignum
1291 3996 1473 4066 iustissimam
1489 3997 1613 4052 exercuit
1625 3995 1758 4052 ultionem

88 4103 132 4150 tus
147 4093 200 4149 sibi
215 4095 325 4168 signum
348 4093 491 4165 imponere
507 4093 607 4160 crucis,
628 4091 849 4148 circumvallatur
863 4090 897 4144 ab
948 4090 1049 4145 virum.
1064 4090 1207 4147 Brachium
1222 4091 1295 4145 enim
1310 4089 1397 4162 ipsius
1414 4091 1538 4162 ejusdcm
1559 4090 1664 4159 lateris,
1680 4091 1760 4160 cujus

87 4184 367 4250 cis,nullomnnitus
386 4183 520 4240 subsidio.
550 4182 792 4248 tintinniacum
823 4195 896 4252 equo
947 4187 975 4235 et
994 4181 1087 4235 rustici
1102 4180 1246 4236 brachium
1261 4181 1376 4236 verbere
1400 4182 1551 4238 demolitus
1578 4181 1678 4250 lucrat,
1696 4198 1757 4237 curu

88 4275 132 4329 cui
148 4273 287 4329 insidebat
302 4272 468 4345 arripientes
482 4280 509 4327 ct
523 4288 573 4343 per
591 4287 652 4327 aera
668 4270 844 4336 vectitantes,
862 4270 896 4324 ad
948 4278 1003 4327 toto
1024 4273 1139 4326 lrumero
1155 4277 1229 4326 tanta
1256 4269 1283 4325 vi
1298 4270 1472 4344 egritudinis
1498 4286 1642 4341 pervasum
1672 4277 1714 4327 cst
1729 4276 1760 4326 ut

89 4373 259 4438 postremum
271 4366 299 4420 in
314 4365 452 4440 gurgitem
464 4364 607 4420 tentabant
618 4365 791 4438 demergere.
804 4363 836 4417 At
851 4362 897 4417 illc
907 4341 936 4410 D
948 4362 1062 4418 otnnino
1078 4361 1177 4416 inutile
1201 4361 1313 4426 factum,
1331 4360 1365 4415 ad
1385 4359 1489 4415 nullum
1506 4360 1617 4430 penitus
1637 4361 1759 4415 necessi·

88 4461 144 4516 Bce
161 4461 215 4515 sibi
230 4459 351 4532 propitio
367 4459 579 4514 admemoriam
597 4458 703 4513 reduxit
718 4457 831 4530 gloriosi
846 4471 897 4512 no·
948 4449 1011 4505 tetis
1026 4466 1104 4505 usum
1130 4449 1300 4504 inveniretur
1315 4448 1458 4505 idoneum.
1476 4448 1535 4513 Quo
1564 4447 1660 4505 dolore
1674 4449 1759 4506 miser

89 4568 154 4607 men
169 4552 314 4607 Benedicti
327 4551 423 4616 Patris,
440 4560 467 4606 et
483 4565 544 4605 cum
564 4550 622 4617 iam
638 4564 724 4620 prope
738 4557 821 4617 essct,
838 4555 897 4603 uta

88 4643 265 4700 daemonibus
291 4643 318 4697 in
342 4642 432 4697 amnis
458 4640 532 4696 illius
558 4638 695 4711 profunda
715 4646 896 4712 mergeretur,

87 4745 183 4788 sancte
212 4731 373 4799 Benedictc,
402 4738 497 4786 sancte
522 4730 680 4798 Benedictc,
705 4744 767 4784 cunr
801 4728 898 4803 grandi

87 4826 206 4881 clamore
226 4823 311 4895 acepit
337 4823 463 4879 crebrius
478 4823 588 4879 iterare.
606 4821 730 4876 Exterriti
748 4821 830 4895 igitur
844 4821 899 4877 dae-

87 4930 183 4970 mones
195 4914 229 4969 ad
250 4913 370 4969 nominis
393 4912 474 4984 liujus
490 4912 704 4978 invocationem,
718 4911 812 4967 statim
830 4927 895 4966 cum

87 5003 256 5075 linquentes,
277 5017 352 5058 more
374 5002 428 5057 sibi
445 5008 578 5058 consueto
599 5007 783 5057 evanuerunt.
812 5001 897 5057 Porro

88 5095 134 5151 ille
150 5095 249 5151 virtute
260 5095 342 5165 liujus
355 5094 476 5150 nominis
491 5109 553 5148 sese
568 5109 686 5149 cernens
700 5099 836 5164 ereptum,
849 5107 896 5148 rc-

89 5192 217 5266 trogrado
230 5191 299 5248 calle
314 5189 494 5247 Patriciucum
510 5189 601 5254 rediit,
617 5188 693 5244 nullo
710 5189 792 5246 mode
803 5205 895 5258 ausus,

122 5382 176 5450 (Bul
200 5382 327 5440 Wldraca
346 5399 396 5440 seu
425 5383 550 5456 Wldraga
564 5390 679 5440 vocatur
705 5384 733 5439 io
756 5383 896 5442 chartario

88 5454 292 5524 Patriciaccnsi,
321 5455 405 5527 vulgo
426 5455 565 5522 recursu,
581 5456 627 5527 qni
653 5455 680 5509 in
707 5455 825 5538 ligerim
855 5457 896 5511 in·

88 5526 149 5582 fluit
169 5542 253 5597 supra
266 5525 423 5582 Burbonem
438 5534 477 5587 tut
491 5534 596 5595 vocant}
612 5526 726 5582 dacium
743 5544 770 5582 m
795 5525 898 5583 finibus

87 5597 246 5653 rEduorum.
268 5596 410 5669 Patriciaci
428 5597 510 5654 situm
537 5597 633 5654 definit
651 5598 786 5654 becardus
805 5613 900 5655 comcs

87 5670 115 5725 in
131 5668 227 5726 charte
248 5667 322 5725 eote
338 5668 444 5726 verbis:
472 5671 523 5727 lfic
538 5685 600 5739 erpo
619 5670 691 5727 beau
709 5671 738 5726 fu
762 5672 900 5739 ductato-

948 4544 1105 4600 diutissimc
1120 4552 1244 4609 vexatus,
1261 4560 1275 4599 a
1291 4544 1368 4599 nullo
1389 4559 1500 4614 prorsus
1515 4544 1687 4601 medicorum
1705 4560 1756 4600 cu-

948 4634 1002 4688 rari
1019 4633 1120 4698 valuit;
1136 4633 1184 4688 scd
1201 4639 1377 4708 augmentata
1392 4632 1529 4705 angustia,
1543 4633 1642 4689 codem
1659 4634 1757 4691 morbo

949 4726 1041 4782 omnia
1061 4725 1148 4798 ipsius
1168 4725 1292 4781 membra
1312 4730 1502 4797 percurrente,
1524 4724 1668 4799 fatigatum
1688 4724 1757 4781 diris

949 4818 1092 4875 doloriBus
1124 4819 1249 4891 spiritum
1285 4817 1457 4873 >miserabilis
1492 4816 1687 4874 miserabiliter
1716 4816 1756 4873 cf-

949 4910 1028 4966 fudit.

985 5004 1048 5058 Cae.
1072 5002 1182 5058 xtvttt.
1198 5033 1232 5044 -
1248 5003 1387 5059 constructa·
1415 5001 1468 5056 due
1487 5001 1578 5056 erecti.
1595 4999 1653 5055 Buo
1672 4999 1756 5056 etiam

947 5097 1009 5165 viri,
1025 5110 1142 5167 quorum
1171 5101 1289 5166 uterque
1314 5109 1348 5148 ex
1367 5092 1467 5168 agresti
1496 5091 1639 5149 bominum
1654 5107 1758 5167 genere

947 5187 1068 5245 ducebat
1083 5187 1183 5254 natale,
1199 5185 1320 5241 damnati
1336 5183 1480 5253 membris,
1496 5198 1756 5239 antrosancrvorum

947 5386 1063 5442 dunensi
1074 5400 1147 5456 popo
1160 5385 1276 5455 positus,
1292 5383 1334 5438 lais
1349 5383 1384 5438 ub
1396 5385 1496 5438 emente
1505 5383 1624 5452 fluentis,
1640 5382 1757 5438 Pumulc

946 5459 1070 5513 uirlclu'cct
1093 5464 1118 5511 ct
1145 5457 1298 5510 Burbuuciu
1324 5455 1472 5521 diuiditur,
1498 5454 1624 5508 (tcindcu
1645 5454 1758 5509 meridie

948 5529 1039 5584 crudem
1056 5529 1207 5583 Burbuncie
1222 5526 1397 5582 descendente
1410 5527 1536 5581 inferum
1545 5527 1657 5597 fluuium
1671 5540 1758 5599 usque

949 5601 986 5656 ad
1004 5602 1096 5659 Sancti
1107 5600 1220 5659 Jouuuis
1238 5599 1387 5666 eccesiam,
1408 5603 1461 5654 etc.
