3720 6014
63 206 116 262 005

626 208 729 263 aesta
750 209 901 264 siBllA'l'b'bl
924 208 1210 265 stabntittbdstbtt.

1680 209 1732 265 000

61 336 172 397 assistat,
186 338 210 387 et
227 336 339 403 insuper
354 336 382 388 ia
394 334 438 388 die
451 336 575 390 trementi
585 333 689 404 judicii
699 339 809 405 quapter
826 337 874 392 baa
886 341 913 408 Α
924 334 1062 407 quandam
1079 335 1172 390 vitlem
1190 333 1303 388 nomine
1318 334 1471 389 Sotbeiam.
1500 334 1638 405 Diripiens
1657 335 1731 390 anim

59 429 193 482 rationem
207 425 316 480 reddat.
335 426 523 497 tantmqaem
546 442 607 482 ocra
628 427 811 498 calumpniam
832 430 874 484 in·

61 520 165 582 tulerit,
191 520 255 572 auri
280 520 375 573 uncias
402 518 463 580 100,
495 522 601 585 arqenti
629 534 690 574 eera
710 520 794 574 libras
820 518 873 576 300

60 617 170 667 coaetus
180 612 311 678 resoluat,
321 615 345 665 et
356 611 428 680 quad
438 614 534 681 repetit
544 611 620 666 uallo
630 612 709 668 moda
716 613 873 667 euirtdicare

58 706 216 775 prevaleat.
234 705 287 761 Sed
299 720 417 774 praesens
436 706 491 761 liae
509 708 617 761 donatia
635 710 711 770 meis,
732 713 756 762 et
774 723 816 763 me
828 723 873 762 ra-

58 802 150 867 qante,
168 798 297 852 botrorum
311 799 448 852 lierniaum
466 799 591 854 manibus
606 799 742 865 rabamta,
758 815 873 869 quarum

59 894 173 946 nomina
196 892 238 945 ecl
259 894 339 958 sipara
364 891 454 945 subter
471 896 595 947 terrentur
615 895 729 958 inserta,
755 894 872 963 stipula-

60 986 132 1038 tione
146 984 267 1038 sabaiua
279 984 440 1038 diuturnum
456 988 560 1054 tempus
579 990 687 1040 maturat
705 987 873 1048 iucmaeulsa,

59 1075 175 1141 Siquam
201 1073 354 1128 Goalcranni
393 1074 528 1129 adrorati.
556 1073 668 1143 Siquam
691 1077 825 1147 Fulquini
850 1073 875 1133 el

56 1164 231 1233 reliquarum.
262 1163 322 1217 t‘ttto
350 1180 409 1218 raa.
434 1166 508 1220 Cana
534 1165 598 1220 dun.
627 1168 786 1222 sarabertus
810 1170 868 1238 epi·

58 1271 163 1323 scapus.
182 1255 348 1308 Alelntnnus
362 1257 552 1311 carracellaeius.

94 1344 138 1398 10.
152 1344 225 1397 lnter
237 1344 425 1397 uenerabilem
442 1345 570 1401 alebatern
585 1346 726 1403 beluinum
742 1355 769 1404 et
779 1365 868 1421 quen-

57 1437 121 1492 dam
143 1435 343 1490 lirmenlridnm
359 1437 393 1492 rte
421 1438 636 1494 contractatione
660 1441 865 1510 possessionum

55 1525 196 1591 corn‘enit,
212 1542 273 1596 quae
288 1526 406 1596 qualiter
420 1525 495 1582 iacta
506 1528 553 1594 sit,
572 1536 648 1587 ,carta
664 1530 728 1586 inde
742 1533 866 1588 consori-

925 439 985 479 eam
1006 422 1126 479 reddidit
1147 422 1257 490 bosoni,
1285 422 1355 477 dans
1383 423 1409 478 ei
1437 424 1660 498 inaugmentum
1689 424 1732 479 sni
1794 441 1799 449 ’

923 514 1037 569 sceleris
1051 512 1133 570 binos
1145 515 1220 571 siras
1234 512 1371 585 praelibati
1387 515 1450 570 loci.
1468 515 1635 570 franconem
1649 512 1732 568 rido-

924 603 987 661 licet
1002 612 1030 660 et
1052 605 1218 671 llnboldnm,
1235 605 1283 677 qui
1300 606 1482 662 substantiam
1498 606 1666 672 auferentes,
1686 620 1733 660 aa·

923 710 1023 764 cepere
1048 710 1103 750 non
1124 695 1266 751 minimam
1297 697 1416 768 predam
1447 697 1528 752 bourn
1557 697 1686 753 videlicet
1705 703 1734 752 at

922 803 1078 856 raaearnm,
1095 804 1242 860 porcorum
1260 805 1372 862 quoque
1401 807 1517 847 nutriere
1538 790 1600 859 100,
1627 791 1732 862 absque

924 879 1014 951 capris
1024 886 1052 935 et
1067 880 1176 948 atibus,
1193 881 1290 952 apibus
1305 892 1332 937 et
1347 883 1413 938 satis
1427 888 1518 950 terrae,
1545 884 1617 938 unde
1635 899 1733 939 nume·

927 986 973 1026 res
987 969 1110 1025 funditus
1125 971 1276 1045 ignoratur.
1309 972 1362 1028 llaa
1382 988 1448 1047 ergo
1479 973 1624 1029 insistente
1650 989 1731 1028 carisa

925 1062 1092 1117 venerabilis
1105 1062 1190 1117 abbas
1203 1062 1330 1118 Erluinus
1343 1073 1434 1120 rector
1448 1065 1475 1120 in
1493 1065 1552 1121 loro
1571 1065 1731 1139 degentium

924 1153 1076 1224 praelibato,
1104 1153 1280 1209 clementiam
1302 1156 1474 1212 serenissimi
1505 1157 1574 1212 adiit
1603 1156 1675 1230 regis
1702 1157 1730 1212 in

918 1254 986 1302 nutu
1013 1248 1088 1303 sedis
1108 1249 1168 1318 ej1s
1189 1249 1385 1305 Franconclort
1402 1261 1510 1316 saecuto,
1534 1261 1561 1307 et
1581 1251 1656 1324 quod
1681 1267 1732 1324 per

918 1337 995 1393 nolas
1020 1340 1113 1396 amisit
1128 1339 1285 1408 infandum,
1306 1358 1356 1413 per
1379 1343 1420 1398 sas
1444 1359 1476 1398 ac
1492 1343 1584 1417 regale
1612 1343 1732 1415 sumpsit

916 1433 1090 1498 mandatnm
1118 1450 1213 1488 rerum
1240 1435 1362 1504 praedam
1396 1435 1430 1489 ab
1457 1434 1566 1491 infestis
1593 1446 1730 1508 arreptam

916 1523 1041 1594 recipere
1055 1525 1141 1580 valuit
1156 1541 1318 1597 nrrnrquain.
1337 1526 1477 1583 Pastorale
1490 1527 1584 1599 itaque
1606 1527 1731 1602 regimen

55 1621 103 1685 pta
118 1614 249 1670 ostendit.
917 1616 1052 1672 aecclesise
1078 1616 1243 1691 Tungressis
1267 1618 1302 1652 ⁷²⁶
1327 1618 1474 1674 obtinebat
1495 1618 1636 1674 baldricus
1665 1626 1732 1676 tuna

91 1705 123 1758 ln
136 1706 245 1758 narnium
264 1709 362 1759 sanctu
381 1710 405 1762 et
428 1706 580 1762 indiuidua
601 1709 744 1766 Trinitatis
763 1726 794 1767 aa
807 1711 868 1768 Sal·
917 1710 1063 1782 temporis,
1080 1700 1206 1767 advocati
1221 1727 1286 1769 nera
1309 1710 1432 1768 osticium
1458 1712 1486 1768 in
1505 1713 1603 1769 erebro
1624 1729 1731 1769 mema-

52 1795 156 1847 eatoris
172 1795 253 1846 totius
275 1794 379 1848 mundi.
398 1795 535 1867 Quicquid
557 1800 677 1853 cernitur
691 1802 867 1858 minuendum
917 1806 975 1856 rato
1003 1800 1064 1856 loca
1086 1795 1279 1856 Gemlaueensi
1307 1801 1421 1874 gerebat
1447 1800 1593 1856 ansfridus
1611 1815 1729 1856 consan-

54 1886 127 1956 quod
145 1891 252 1941 ecarrtra
272 1889 402 1956 recipitur
417 1893 446 1944 ia
465 1896 652 1959 auqmentum,
678 1893 784 1948 nullum
798 1897 868 1962 facit
917 1895 1038 1970 gniseus
1052 1896 1169 1952 senioris
1184 1897 1270 1953 nostri
1292 1896 1453 1967 wtctpeni.

56 1977 257 2042 detrimentum,
272 1981 352 2033 imma
375 1995 503 2048 maquum
516 1983 615 2036 anime
635 1988 746 2050 qenerat
764 1987 866 2042 emolu-
954 1986 995 2042 ta.
1018 1987 1054 2042 be
1075 1987 1126 2043 baa
1149 1987 1214 2043 villa
1243 1988 1356 2046 sotheia
1377 1988 1441 2044 lecit
1463 1988 1537 2043 idem
1555 1989 1727 2046 sonorabilis

55 2074 180 2126 merrtem.
204 2071 311 2125 Placuit
329 2071 408 2134 fitetur
431 2074 608 2131 eertaabdem
630 2081 730 2132 seinata
744 2078 867 2157 Gembla·
914 2079 1000 2134 abbas
1026 2077 1154 2133 Erluinus
1174 2079 1377 2150 praestationem
1407 2094 1468 2134 eun
1498 2079 1676 2148 Gadaranno,
1700 2097 1719 2137 u

56 2165 143 2219 cerasis
155 2164 278 2219 aeclesia
292 2164 414 2219 abbatem
441 2168 550 2221 eremitae
576 2168 730 2236 Erluinum,
752 2186 799 2225 nea
811 2187 865 2226 nan
915 2174 1049 2222 monstrat
1063 2167 1145 2236 hujus
1165 2174 1246 2223 certae
1263 2166 1429 2237 subscriptio
1446 2183 1453 2217 ι

56 2258 81 2307 et
94 2254 230 2324 quendam
246 2254 350 2323 fidelem
371 2255 475 2310 Gluisti
500 2257 628 2312 eoertbuto
649 2261 863 2330 bimetra-taam,
973 2261 1057 2314 Venis
1073 2274 1150 2313 amar
1162 2259 1271 2328 iunctas
1284 2273 1349 2328 queas
1368 2260 1481 2312 eontinet
1499 2263 1579 2328 atque
1597 2258 1729 2327 plebatus,

56 2351 162 2401 mutare
176 2348 309 2416 quasdam
322 2363 364 2402 res
391 2351 462 2402 inter
476 2365 514 2416 se,
531 2351 604 2420 quad
631 2353 672 2406 ita
693 2356 718 2406 et
731 2354 862 2419 fecerant.
970 2347 1086 2404 Numine
1100 2346 1192 2401 diuino
1206 2346 1329 2403 Glrrislus
1343 2349 1479 2401 conseruet
1498 2343 1605 2415 ubique.

55 2440 161 2494 idcireo
179 2441 302 2496 amnibus
315 2434 416 2496 saresta
436 2444 483 2498 Ilei
498 2444 621 2498 aeclesia
635 2445 759 2513 fidelibus
773 2449 867 2501 uatum
918 2442 1050 2511 Quisquis
1062 2455 1126 2508 erqo
1145 2442 1251 2508 Quotam
1266 2441 1418 2496 dulcedinis
1433 2448 1455 2494 et
1472 2442 1570 2495 amaris
1583 2440 1731 2497 inuiolabi-

56 2534 101 2596 sit,
119 2534 191 2602 quad
208 2532 381 2601 supradictus
396 2534 479 2588 abbcrs
495 2535 627 2589 Erluinas
653 2536 792 2605 quandam
816 2551 868 2591 ac·
918 2534 954 2589 les
973 2534 1146 2602 illibatasque
1159 2536 1236 2600 qestit
1252 2534 1349 2588 babere
1365 2533 1430 2603 jure
1449 2534 1493 2586 sui
1507 2532 1627 2600 beneficii
1642 2549 1660 2587 a
1677 2536 1731 2590 Dea

56 2630 166 2684 alesiam
180 2631 208 2683 in
231 2629 298 2683 aiibi
314 2644 374 2698 qua
392 2632 569 2698 rauracuputur
588 2631 777 2698 Apionisasrta
794 2630 868 2686 dedit
918 2624 974 2678 sibi
993 2619 1063 2690 dicti,
1078 2626 1158 2692 prout
1169 2622 1337 2692 passibilitas
1357 2623 1461 2691 capitit
1474 2622 1522 2676 baa
1541 2622 1631 2692 ipsam
1651 2620 1732 2673 certet

55 2721 137 2788 timna
152 2719 300 2773 stabilitate
308 2719 466 2788 supradicta
479 2720 556 2789 fideti
572 2720 676 2774 aaran·
695 2720 868 2786 Ernrensrrda
918 2730 1026 2782 auetri-
1051 2715 1123 2769 Nat!
1139 2712 1204 2768 ‘lali'
1216 2719 1239 2766 tl
1255 2715 1372 2782 attinere
1397 2717 1428 2767 ll!
1450 2711 1731 2781 110101100881700·

55 2814 167 2880 propter
193 2810 286 2865 vittam
307 2827 366 2881 qaoe
390 2812 497 2882 adjacit
524 2809 560 2866 ai
578 2816 707 2868 conadam
733 2813 866 2880 Asinaeo,
918 2806 997 2860 nibus
1011 2807 1212 2875 comprabatur,
1229 2807 1414 2872 qratissimurn
1433 2819 1480 2858 nea
1494 2818 1548 2857 irati
1563 2807 1587 2856 et
1600 2803 1731 2872 placatis·

56 2913 169 2969 quaeque
188 2900 223 2954 ab
238 2900 409 2956 incolentibus
423 2905 535 2956 uocatur
548 2902 815 2958 Staio-manticula.
831 2905 868 2957 be
918 2897 1013 2949 timum
1033 2899 1148 2950 carastut.
1173 2893 1256 2963 010113
1277 2896 1317 2947 10
1342 2895 1481 2947 vernalem
1495 2897 1596 2947 090010
1619 2905 1730 2945 133900·

56 3007 112 3061 qua
137 2991 204 3045 attia
232 2996 350 3061 quartuor
373 2993 482 3062 quidam
504 3009 611 3049 manso,
637 3000 749 3065 propser
763 3011 865 3066 supra.
918 2991 1080 3054 quassantes,
1101 2986 1273 3041 decreuerunt
1293 2987 1363 3038 inter
1377 2999 1404 3037 se
1426 2982 1582 3037 ecnuabilis
1600 2981 1731 3036 lirluinus
1798 3042 1802 3049 ¹

58 3084 160 3138 asceam
183 3085 351 3151 aeclesiam,
384 3090 409 3139 et
447 3100 530 3141 ursum
557 3103 606 3156 pro
642 3089 729 3143 salure
770 3091 867 3144 assem
917 3077 1109 3132 Gembtaoensis
1136 3075 1248 3131 canubii
1270 3075 1365 3140 abbas,
1386 3078 1410 3127 et
1432 3074 1540 3127 inolitus
1554 3074 1599 3126 eir
1614 3071 1731 3141 quidam

57 3192 123 3244 sua,
147 3182 253 3246 tresque
271 3187 381 3248 propter
405 3183 460 3233 octa
483 3180 567 3236 libras
586 3185 702 3248 arqenti,
717 3183 766 3237 sub
792 3185 867 3236 testi·
919 3170 1094 3234 Goderarneus
1119 3171 1171 3224 loti
1202 3170 1326 3241 vroedlclt'
1359 3171 1457 3222 calens
1490 3166 1653 3231 advocatus,
1687 3181 1730 3221 rei

57 3267 108 3321 bur
128 3270 293 3335 firmissimis
316 3268 435 3322 tradidit
458 3273 548 3322 sancto
578 3270 657 3323 Petro
687 3272 868 3340 apostolorum
919 3262 1052 3333 quasdem
1075 3263 1263 3332 Plffltlssll'ffltl‘s
1283 3261 1445 3314 0116101ῑο110
1472 3256 1637 3323 101ῑᾶ0001θὶ
1658 3258 1731 3327 W

57 3359 179 3411 omnium
195 3360 319 3426 principi
339 3363 482 3428 sanctoque
508 3363 645 3430 &aperio
671 3363 793 3428 martyri
814 3363 868 3430 910.
918 3355 943 3405 ei
966 3352 1088 3417 feceruut
1110 3351 1218 3404 uinculo
1247 3352 1337 3419 utique
1367 3363 1420 3402 stou
1447 3347 1557 3401 moditia
1579 3345 1730 3402 dilectionis

56 3451 165 3504 siasoin
176 3444 322 3519 jrrrn‘diata
336 3453 499 3505 nianastcria
519 3450 670 3519 Gemblaus,
696 3469 756 3507 enm
780 3457 868 3508 amns.
918 3447 1020 3499 consui.
1036 3444 1220 3499 Postulatiane
1237 3444 1369 3513 siquidem
1383 3442 1480 3497 stabitis
1495 3443 1550 3496 oiri
1569 3439 1727 3496 baderaani

57 3540 155 3594 based
169 3539 279 3592 euticiana
300 3540 385 3592 laeum
401 3541 607 3608 pertinentibus,
629 3543 743 3608 [aurulis
769 3543 867 3597 nicteli-
917 3536 1049 3590 dedititii
1067 3540 1228 3590 marmoratas
1240 3537 1322 3591 sabbas
1338 3536 1431 3591 uillam
1448 3533 1565 3603 Saleium
1582 3546 1727 3602 aurrcupa·

56 3635 105 3698 aet,
127 3631 253 3696 culturis,
273 3630 359 3695 siluis,
376 3631 465 3696 terris,
489 3631 569 3685 cultis
582 3635 608 3685 et
633 3631 752 3695 incultis,
767 3635 866 3702 pratis,
917 3632 973 3683 tam
992 3629 1160 3682 incomitata
1180 3626 1335 3683 Dumium'si
1360 3644 1419 3683 cum
1438 3627 1560 3683 amnibus
1582 3624 1620 3680 ad
1640 3627 1729 3695 ipsam

56 3729 137 3797 aquis
157 3741 345 3795 aqua-eumque
359 3724 527 3779 decursibus.
546 3724 621 3781 Harsa
645 3738 735 3781 autem
753 3742 868 3782 cammu-
914 3719 1123 3790 pertinentibus,
1143 3734 1267 3774 '⁷²⁰⁷le
1286 3719 1409 3774 01010611
1423 3719 1658 3783 indominicatum,
1678 3731 1728 3772 12⁰·

56 3819 185 3873 tationem
204 3815 378 3884 supradictus
404 3814 486 3868 abbae
523 3816 655 3872 Erluiaus
677 3822 702 3872 et
730 3823 867 3889 compater
917 3809 1026 3862 ⁶108le
1042 3807 1141 3876 absque
1166 3807 1271 3861 07101111
1298 3808 1438 3873 stimulam
1461 3811 1645 3877 utnusquam
1668 3807 1730 3862 sub·

54 3924 120 3965 sures
140 3907 332 3973 Ermensridas
347 3922 407 3961 cum
421 3922 506 3962 auore
522 3910 758 3965 sualteinsedeeo
777 3915 867 3967 tenore
912 3899 1023 3970 letiam,
1055 3899 1237 3954 salaminam
1258 3913 1360 3968 qaoque
1388 3904 1412 3952 θ’
1438 3898 1570 3953 cambam·
1601 3898 1731 3954 AEcilm'ss
1809 3927 1816 3946 ·

56 4002 188 4068 iecerunt,
198 4003 227 4052 ut
241 3999 336 4068 siquis
349 3999 510 4069 aliquanda,
524 3999 630 4055 diabalo
645 4002 786 4070 suadente,
797 4004 866 4059 boae
917 3997 971 4051 aaa
990 3994 1114 4063 sinqulas
1133 4009 1182 4065 per
1194 4009 1281 4050 annos
1293 3993 1414 4062 eutaqias
1430 3993 1520 4061 binas,
1544 3994 1624 4048 idest
1636 3997 1730 4049 secta-

55 4089 170 4144 ealuerit
184 4092 283 4142 nostra
296 4090 453 4143 mutationis
475 4088 611 4145 destruere
628 4093 772 4159 cartulam,
791 4107 864 4146 aaa·
916 4091 972 4143 rias
992 4089 1053 4142 uini
1072 4087 1150 4154 duas,
1166 4087 1262 4155 pallos,
1292 4086 1453 4155 qallinaoias
1473 4085 1552 4152 duos,
1570 4089 1594 4140 et
1609 4085 1730 4140 medinm

57 4184 247 4240 thematizatus
260 4198 319 4236 cum
344 4185 419 4236 omiti
432 4182 617 4237 maledictio-ae
634 4188 660 4239 et
677 4187 863 4240 exeommuni-
915 4196 1005 4236 auena
1032 4195 1120 4234 rentem
1138 4180 1237 4235 reddit.
1265 4180 1449 4237 Moiendinum
1473 4178 1575 4234 madias
1603 4178 1638 4234 20
1658 4181 1728 4235 inter

58 4281 136 4331 saties
154 4277 201 4339 sit,
217 4277 272 4328 nisi
285 4278 347 4328 aute
363 4275 426 4329 solis
441 4290 563 4329 occasum
578 4276 615 4329 ad
631 4279 811 4345 penitentiam
825 4295 865 4333 re·
915 4288 1050 4328 annonam
1076 4276 1100 4326 et
1116 4271 1216 4338 bracis,
1229 4274 1322 4328 camba
1346 4286 1449 4342 quaque
1468 4287 1519 4340 per
1538 4285 1642 4324 aninum
1659 4273 1729 4326 inte-

55 4380 148 4420 oersus
163 4366 321 4431 inqemaeru
336 4365 366 4417 ab
389 4365 494 4432 culpam
508 4379 563 4419 sua
588 4365 667 4419 aiala
692 4368 862 4423 intentionis.
875 4344 902 4412 D
914 4381 992 4435 prum
1010 4367 1114 4420 eminas
1133 4367 1222 4419 sicera
1238 4363 1299 4418 tua.
1318 4367 1405 4418 Terra
1420 4362 1598 4416 nibilominus
1609 4361 1725 4417 arabilis

56 4457 156 4511 Actum
176 4457 205 4509 in
222 4456 291 4509 ailla
309 4457 430 4512 Narauea
446 4455 472 4508 3,
499 4455 563 4510 ldus
583 4456 690 4523 Aprilis
716 4458 766 4513 001
794 4474 866 4514 anno
917 4455 1059 4510 bonuarios
1074 4452 1119 4519 st,
1132 4456 1274 4523 pratorum
1287 4450 1495 4522 amptitudinem
1510 4464 1563 4504 aaa
1583 4449 1726 4517 medicam,

56 4547 250 4600 incarnationis
266 4548 382 4612 borniai,
401 4545 543 4600 indictone
557 4545 584 4611 l,
601 4550 866 4617 requentepiissima
912 4547 1075 4617 piscationes
1095 4558 1229 4615 aquarum
1243 4557 1303 4596 eum
1323 4538 1480 4596 decursibus
1506 4555 1608 4605 cariem,
1632 4540 1729 4594 siloam

56 4656 118 4709 reae
135 4642 241 4696 titione.
257 4639 317 4693 Otia
332 4653 391 4691 rea.
408 4638 482 4694 Canu
498 4637 566 4691 dua.
583 4636 748 4692 Farabertus
761 4640 865 4707 episce-
915 4635 1051 4704 adporaas
1065 4633 1190 4688 ducentas
1203 4632 1382 4700 saaiaandas,
1404 4646 1464 4685 eum
1478 4631 1594 4686 exitibus
1616 4635 1642 4686 et
1654 4630 1728 4687 redi·

53 4751 119 4807 pus.
136 4731 555 4788 battutascames.a1eti·anans
568 4728 757 4784 cancella-rius.
915 4726 996 4791 tibus,
1011 4725 1147 4793 [amilium
1169 4740 1274 4797 queque
1297 4725 1332 4778 ad
1353 4725 1443 4779 laeum
1462 4723 1625 4795 pradictum
1641 4725 1729 4794 perti·

94 4825 200 4882 tt.ttto
220 4831 343 4895 tempore
368 4822 496 4877 Brunone
520 4821 729 4892 archiepiscopo
755 4820 865 4878 uterino
914 4822 1029 4885 nentem,
1055 4832 1142 4872 amnes
1157 4832 1266 4872 numae
1292 4815 1336 4883 tu,
1364 4831 1476 4886 quarum
1503 4818 1586 4872 etiam
1613 4815 1728 4887 quidam

57 4915 140 4971 lratre
158 4914 264 4969 0ttonis
276 4912 349 4985 regis
370 4910 517 4981 praevisore
539 4912 616 4986 regni
632 4911 864 4980 Lotlrariensinm,
915 4917 978 4970 suat
993 4913 1030 4966 ad
1044 4927 1121 4968 omae
1144 4914 1285 4967 smaitium
1304 4913 1474 4981 pertinentes.
1502 4911 1604 4979 Quodsi
1624 4912 1659 4966 ab
1678 4911 1729 4966 bae

56 5006 154 5060 deerat
168 5004 232 5071 dux,
249 5002 342 5057 sedin
360 5001 420 5057 loeo
442 5000 521 5056 ducis
537 5001 672 5076 regnabat
688 5001 866 5058 antichristus
916 5007 971 5075 teqc
982 5007 1121 5061 seruitutis
1134 5005 1290 5063 subtrabens
1304 5021 1331 5062 se
1342 5008 1504 5076 permissum
1523 5008 1619 5074 fuerit,
1639 5003 1726 5059 deaa-

57 5099 328 5156 contrariusbeaet
352 5096 434 5153 bonis
455 5096 624 5154 bominibus.
643 5097 717 5154 Cuuo
735 5098 867 5155 videlicet
916 5101 971 5154 rios
999 5098 1297 5167 tessandrorum
1328 5099 1422 5156 debuit
1445 5101 1536 5154 arenis.
1562 5101 1625 5153 tiae
1652 5095 1728 5151 datia

56 5195 219 5262 perseeutor
233 5187 333 5242 summi
356 5185 427 5260 regis
454 5184 482 5237 in
505 5200 571 5259 rege
595 5200 645 5242 sna
668 5185 767 5243 0ttone
783 5204 865 5260 quem
915 5194 1158 5265 precellentissimi
1170 5209 1201 5248 aa
1216 5197 1269 5249 lieo
1285 5194 1366 5261 arqui·
1379 5193 1486 5250 abbatis
1501 5193 1619 5248 Erluini.

55 5282 150 5355 elegii·
168 5279 272 5350 Nempe
296 5294 469 5351 nequaquam
487 5283 529 5333 ⁰⁸l
543 5277 699 5334 mirandum
720 5279 744 5334 δί
773 5296 866 5352 bewe·
953 5287 1004 5344 dui
1018 5291 1125 5342 econtra
1148 5285 1271 5341 reddidit
1294 5287 1411 5343 illustris
1434 5289 1480 5341 air
1498 5285 1673 5342 deducamus
1695 5281 1729 5338 de

54 5383 138 5433 entus
150 5381 193 5430 est
213 5373 355 5430 hominem
376 5388 483 5447 regem,
504 5371 551 5443 qui
568 5386 623 5427 non
639 5371 782 5442 pertimuit
815 5373 867 5430 ob·
917 5380 990 5432 terra
1008 5375 1112 5431 arabili
1130 5375 1276 5431 bonuarios
1303 5377 1413 5443 diarruti,
1432 5376 1531 5430 siluam
1549 5371 1728 5428 nibilominus

54 5469 155 5524 sistere
168 5466 226 5540 reqi
240 5465 347 5522 caelesti
364 5464 393 5519 in
410 5465 471 5521 loeo
497 5463 654 5530 Gemblaus,
684 5462 813 5520 auferens
839 5466 865 5521 ei
916 5468 953 5525 ad
965 5483 1060 5540 parcas
1076 5472 1203 5524 trecentas
1218 5467 1398 5535 sapiuaadas,
1422 5470 1447 5520 et
1473 5481 1585 5537 quaque
1608 5466 1671 5520 sunt
1691 5461 1729 5518 ad

729 5591 839 5649 venta
859 5592 1051 5652 tttcstetttss.

92 5666 128 5702 ¹¹⁰
148 5667 190 5722 lta
204 5682 226 5723 a.
243 5667 297 5722 toea
311 5663 490 5739 lunqrensis.
