3720 6014
89 221 155 274 tunt
644 217 814 273 exaestuo
836 217 867 272 ΙΝ
888 216 1053 273 EANONEM.
1074 220 1183 275 hllSSAE
1680 228 1750 284 tarta

87 356 185 410 sersali
203 355 328 426 procedit
348 355 569 425 adpartieulare.
596 354 697 410 Omnes
722 371 786 410 vero
807 356 1031 428 circu-Aperte.
1062 358 1112 413 l’ro
1137 342 1238 413 nostris
1266 360 1397 415 omnibus
1430 348 1542 433 quando
1563 380 1674 419 oramus
1701 383 1751 436 pro

85 457 246 517 mastantes,
258 449 459 520 particulariter
471 457 634 521 sequuntur.
652 451 682 504 Et
697 465 732 504 no
748 451 893 520 pnescnti-
945 451 1041 505 amieis
1066 453 1216 508 nostriset
1243 455 1335 512 rebus.
1368 457 1563 528 supplicamus
1596 461 1670 515 enim
1700 478 1751 532 pro

87 544 140 600 bus
156 546 380 618 intersintaliqui
401 545 466 601 fidei
488 547 713 617 praevaricatores
735 553 762 601 et
786 546 892 602 vitiosae
943 562 1011 617 pace
1039 548 1200 613 amicorum,
1226 552 1337 620 quando
1364 559 1428 607 sunt
1450 553 1476 606 ia
1503 553 1593 622 bello;
1615 550 1664 626 pro
1679 562 1753 609 tran-

87 634 149 688 vitac
164 635 348 708 subjungitur.
944 635 1030 706 quillo
1061 637 1162 705 reditu,
1183 638 1206 692 si
1231 639 1287 695 sint
1314 640 1341 694 in
1364 641 1477 706 itinere;
1505 658 1554 712 pro
1573 643 1699 708 sanitate,
1728 643 1751 698 si

124 727 240 793 Quorum
255 727 306 781 tibi
317 727 382 796 Mes
397 730 506 796 coquito
522 732 571 781 est.
584 727 613 781 ld
628 735 679 791 est,
695 727 742 798 qui
772 727 894 797 probatae
946 723 974 778 in
990 723 1149 782 inlirmltatc
1162 729 1350 795 decumbunt;
1367 746 1417 801 pro
1433 731 1625 799 conversione,
1643 733 1665 787 si
1688 749 1752 803 pcr-

89 813 153 869 lidei
183 824 259 883 sunt,
288 822 315 870 et
343 814 529 886 depositionis
548 815 621 886 apud
654 823 691 870 te.
723 814 896 887 Cognoscere
946 827 1025 867 verse
1044 813 1200 882 vivuut3et
1224 825 1319 872 contra
1339 818 1489 874 amicorum
1513 820 1753 876 incommoditates

88 907 191 960 etenim
231 907 291 973 Dei,
341 906 497 979 approbare
542 914 593 962 est.
628 907 729 962 Aliter:
756 909 894 971 Memento,
947 916 987 971 ut,
1018 908 1167 977 adjuvante
1203 911 1270 979 Deo,
1300 913 1427 970 evadant.
1462 915 1513 971 Pro
1540 915 1623 970 rebus
1651 915 1752 970 nostris

88 1001 209 1061 Domine,
225 1000 392 1066 (emulorum
411 999 630 1068 [ornatarumque
648 1003 767 1054 tuorem.
786 998 817 1053 Et
830 998 895 1070 quia
946 995 1107 1067 frequentes
1133 1000 1161 1053 in
1176 999 1254 1055 libris
1270 1000 1428 1058 Missalibus
1452 1005 1606 1059 invenimus
1630 1005 1753 1075 postula·

89 1104 266 1161 consequens
310 1091 338 1144 in
370 1090 538 1161 quibusdam
576 1090 718 1145 codicibus
757 1090 898 1145 invenitur
949 1087 1045 1143 tiones.
1063 1088 1176 1145 Oramus
1192 1093 1266 1144 enim
1289 1101 1414 1163 ternpore
1436 1093 1563 1149 sacriticil
1587 1101 1684 1149 contra
1709 1095 1752 1148 ln-

90 1182 111 1236 N
137 1183 238 1250 littera,
261 1184 414 1255 aliquorum
446 1183 506 1239 heri
542 1184 702 1239 memoriam
733 1183 896 1238 nominatim
947 1179 1055 1241 cendia,
1081 1196 1131 1251 pro
1159 1181 1227 1236 locis
1257 1185 1373 1250 nostris;
1410 1194 1506 1241 contra
1540 1186 1653 1241 nimium
1682 1185 1753 1240 acris

89 1276 272 1349 significatur,
298 1278 375 1332 Unde
394 1277 505 1349 quidam
531 1293 582 1332 usu
606 1283 702 1332 tenent
721 1277 773 1332 hoe
789 1277 815 1331 in
837 1277 897 1333 1000
947 1268 1109 1335 siccitatem,
1122 1270 1164 1325 rel
1184 1276 1387 1343 tempestatem,
1404 1291 1453 1345 pro
1473 1276 1609 1332 fructibus
1634 1278 1751 1343 nostris;

88 1366 274 1432 memorandi,
303 1381 372 1438 quos
391 1365 531 1420 chariores
551 1364 666 1428 habent,
694 1372 899 1436 consequenter
947 1366 1043 1413 contra
1063 1365 1167 1428 pestem
1184 1375 1233 1431 pro
1255 1363 1421 1420 animalibus
1446 1367 1560 1420 nostris:
1586 1374 1680 1422 contra
1699 1367 1753 1422 alia

92 1453 312 1525 subjungentes:
352 1453 384 1509 Et
418 1453 542 1510 omnium
576 1454 823 1519 circumstantium,
856 1459 897 1524 ut,
947 1448 1122 1521 damna‚pro
1151 1453 1235 1509 rebus
1250 1455 1320 1509 aliis.
1346 1456 1483 1511 Habemus
1504 1459 1578 1513 enirn
1598 1461 1751 1515 secundum

88 1545 160 1601 faeta
183 1545 315 1601 memoria
334 1545 486 1614 {charorum
513 1546 681 1609 absentium,
703 1545 732 1600 fit
756 1553 782 1600 ei
808 1552 896 1602 astan-
947 1538 1106 1608 dpostolum
1122 1543 1150 1596 in
1166 1543 1272 1599 Christo
1294 1545 1511 1601 consolationem
1526 1549 1672 1618 praesentis
1687 1550 1751 1605 vitae

91 1637 169 1692 qum,
949 1633 977 1682 cl
988 1627 1087 1683 futurae
1101 1631 1125 1701 (l
1142 1634 1210 1686 Tam.
1226 1636 1271 1699 tv).

126 1734 161 1787 Et
175 1733 293 1786 omilim
313 1731 557 1786 circumstantium.
581 1729 646 1785 Cum
662 1728 791 1800 primitus
805 1693 935 1786 missaeB
985 1719 1037 1773 Pr⁰
1060 1721 1240 1791 redemtione
1262 1727 1415 1780 “stillatim
1450 1742 1572 1783 suatum·
1600 1728 1655 1785 Hoc
1678 1731 1752 1784 enim

90 1823 152 1877 sine
168 1823 283 1878 collecta
297 1838 352 1878 non
367 1820 475 1886 herent,
492 1826 588 1890 postea
602 1835 663 1875 mos
677 1819 790 1874 inolevit
805 1820 898 1875 Eccle-
949 1812 1036 1868 solum
1062 1821 1104 1868 est
1129 1815 1293 1871 sacrificium
1314 1833 1369 1889 quo
1385 1819 1482 1874 redimi
1502 1822 1652 1890 potuimus,
1677 1826 1755 1896 cujus

93 1915 142 1970 sia
156 1915 293 1970 solitarias
309 1921 336 1970 et
355 1912 475 1968 maxime
490 1912 519 1966 in
534 1910 739 1967 coenobiisfieri
752 1911 860 1966 missas.
949 1904 1052 1961 bonum
1079 1905 1181 1963 sufficit
1202 1918 1296 1964 contra
1317 1918 1439 1966 nostrum
1464 1915 1577 1982 maium,
1607 1919 1754 1988 quodmo-

128 2007 160 2061 Et
179 2023 240 2062 cum
261 2022 317 2061 non
336 2007 456 2061 habeant
480 2019 561 2075 quam
595 2003 739 2075 pluraliter
756 2003 899 2059 collectam
949 1993 1417 2068 gisestbonum,quampeecatum
1446 2009 1569 2059 nostrum
1591 2006 1627 2061 sit
1642 2008 1755 2078 malum,

94 2095 224 2165 salutent,
239 2111 291 2150 nec
304 2094 425 2166 plurales
452 2099 560 2147 mutare
580 2099 695 2163 possunt
709 2093 899 2160 salutationes,

93 2195 257 2244 conuertunt
269 2203 298 2243 se
314 2187 348 2242 ad
369 2186 531 2251 Ecclesiam,
556 2184 682 2240 dicentes
695 2200 726 2240 se
751 2184 899 2240 Ecclesiam

92 2280 121 2335 in
145 2280 265 2336 Ecclesia
280 2280 410 2345 salutare,
434 2286 462 2333 et
487 2277 516 2332 ia
540 2292 655 2347 corpore
685 2283 770 2332 totum
798 2292 899 2348 corpus

93 2368 209 2442 alloqui,
229 2375 255 2423 ct
274 2367 373 2423 virtute
390 2367 474 2422 totius
493 2365 699 2421 communionis
723 2365 749 2419 in
778 2364 899 2421 Ecclesia

93 2453 191 2509 confici
215 2461 310 2510 saneta
325 2453 457 2525 mysteria
486 2470 536 2524 per
554 2453 669 2526 gratiam
692 2453 753 2522 hei,
771 2469 823 2510 nec
836 2470 899 2510 esse

94 2563 261 2618 quemquam
281 2545 382 2600 alicubi
403 2544 568 2608 infidelium,
589 2546 636 2617 qui
661 2545 831 2602 vivificorum
844 2562 900 2602 non

93 2640 140 2694 liat
150 2639 287 2710 particeps
299 2646 326 2694 et
341 2638 547 2709 cooperatorius
560 2647 810 2706 sacrosanctorum,
834 2640 900 2694 dum

950 2090 977 2137 et
992 2083 1056 2140 ideo
1069 2085 1168 2154 majori
1184 2086 1272 2157 pretio
1287 2088 1399 2143 redimit
1414 2105 1465 2145 nos
1480 2108 1496 2145 a
1510 2100 1604 2149 nostro
1620 2096 1701 2151 malo.

986 2175 1037 2228 Pro
1061 2189 1107 2244 spe
1121 2177 1229 2243 salutis,
1245 2181 1270 2231 et
1284 2179 1480 2237 incolumitatis
1499 2197 1561 2237 sam.
1584 2183 1640 2239 lloc
1661 2202 1757 2242 sacro-

950 2268 1075 2317 sanctum
1096 2263 1275 2333 sacrificium,
1290 2280 1346 2322 non
1361 2268 1452 2324 solum
1462 2269 1562 2326 liberat
1575 2288 1627 2328 nos
1640 2277 1757 2342 amalis,

951 2353 999 2408 scd
1015 2354 1096 2409 etiam
1111 2358 1267 2412 accumulat
1284 2374 1336 2415 nos
1350 2359 1447 2428 bonis;
1463 2376 1519 2417 non
1539 2363 1628 2419 solum
1642 2381 1694 2422 nos
1704 2367 1759 2422 eri-

951 2442 992 2513 pit
1006 2458 1021 2497 a
1036 2443 1136 2513 poeuis,
1151 2445 1200 2500 sed
1220 2446 1304 2501 etiarn
1332 2456 1415 2522 auget
1440 2451 1540 2525 gaudia
1556 2453 1653 2509 salutis
1674 2464 1701 2510 et
1720 2457 1760 2511 in-

951 2538 1128 2594 columitatis.
1158 2539 1269 2608 Salutis,
1302 2542 1415 2615 inquam
1457 2553 1568 2603 aeternae
1593 2549 1759 2620 animarum,

952 2631 1159 2701 incolumitatis,
1174 2634 1200 2689 id
1228 2643 1270 2690 cst
1287 2636 1504 2707 incorruptionis
1526 2651 1668 2714 perpetum
1696 2661 1759 2701 cor·

93 2731 121 2784 in
149 2744 264 2799 corpore
291 2727 418 2783 Ecclesiae
447 2726 570 2782 adhaeret
599 2727 693 2798 capiti,
725 2728 801 2784 velut
833 2728 900 2783 utile

93 2818 258 2872 membrum.
279 2817 435 2872 Secundum
450 2831 532 2888 quem
557 2832 679 2884 sensum,
705 2817 732 2870 in
756 2817 810 2872 boc
838 2815 899 2872 loco
949 2830 1009 2870 sum
1021 2832 1133 2872 munus.

94 2911 321 2965 circumastantes
343 2907 517 2978 accipiuntur
540 2922 638 2963 omnes
667 2907 771 2979 ubique
792 2905 898 2974 fideles,
987 2908 1099 2978 Titiique
1120 2911 1237 2966 reddunt
1258 2917 1320 2967 vote
1345 2929 1403 2969 sue.
1422 2913 1569 2972 offerendo
1593 2918 1758 2975 sacrificium

93 3007 140 3078 qul
165 3006 319 3061 inanitate
348 3005 431 3061 totius
457 3006 592 3076 corporis,
621 3011 649 3061 et
674 3004 727 3059 sibi
756 2999 1049 3115 adherentclaudis,
1066 3002 1185 3058 reddunt
1209 3005 1258 3059 tibi
1283 3015 1421 3061 votasua.
1443 3008 1527 3064 Aliter
1553 3009 1667 3065 forsitan
1696 3019 1760 3069 vota

93 3099 224 3165 invicem,
240 3105 385 3153 etsummo
399 3097 492 3169 capiti,
522 3103 552 3152 ut
565 3097 702 3169 quidquid
717 3097 783 3153 boni
799 3094 846 3152 liat
868 3097 897 3150 in
949 3105 998 3144 sua
1022 3105 1077 3147 non
1101 3093 1260 3158 redderent,
1281 3094 1333 3149 nisi
1355 3095 1408 3150 tale
1429 3096 1594 3153 sacrificium
1617 3098 1759 3156 offerrent.

94 3198 150 3246 toto
165 3204 290 3259 corpore,
303 3188 336 3242 ab
355 3203 389 3243 eo
404 3188 479 3242 nullo
495 3189 576 3243 modo
592 3187 627 3241 sit
640 3187 758 3253 alienus,
773 3186 899 3258 quisquis
948 3181 1118 3251 adjurantur
1132 3183 1259 3240 sacrificii
1274 3186 1385 3253 virtute,
1401 3195 1501 3243 utvota
1516 3196 1619 3260 queant
1633 3192 1759 3248 reddere.

94 3278 129 3334 ab
149 3279 210 3349 ipso
230 3294 346 3350 corpore
361 3293 417 3334 non
433 3284 476 3332 est
489 3278 605 3342 divisus,
620 3277 669 3332 scd
690 3290 773 3332 omne
794 3276 897 3331 bonum
949 3270 1066 3326 Difficile
1079 3275 1316 3344 esteomprimere
1345 3277 1421 3343 vitia,
1448 3277 1564 3334 virtutes
1592 3281 1620 3333 in
1640 3281 1762 3338 habitum

95 3368 210 3425 cuilibet
237 3366 362 3422 membro
378 3367 405 3420 in
433 3367 571 3421 salubrem
585 3382 697 3422 succum
717 3366 899 3432 ministretur,
950 3361 1067 3418 trahere.
1090 3363 1144 3418 Sed
1160 3372 1190 3419 ut
1212 3365 1270 3419 haee
1283 3373 1345 3420 vota
1373 3375 1476 3437 queant
1503 3367 1619 3423 reddere
1629 3372 1729 3439 sancti,
1747 3389 1763 3427 a

95 3466 224 3515 uttotum
247 3473 347 3528 eorpus
367 3464 509 3532 vegetetur
537 3473 553 3510 a
578 3456 679 3527 Spiritu
700 3454 757 3511 hel.
794 3455 825 3510 Et
850 3456 904 3510 hoc
954 3452 1010 3508 lico
1023 3468 1137 3509 necesse
1153 3453 1255 3510 babent
1269 3455 1404 3512 roborari.

95 3550 178 3605 ruodo
207 3548 340 3618 repetitur
365 3547 464 3615 oratio,
491 3562 553 3618 quae
577 3545 653 3616 prius
682 3545 752 3600 faeta
780 3553 822 3600 est
854 3559 904 3616 pro
990 3547 1287 3613 AEtcrrrolleo,eiooet
1312 3563 1384 3604 uero,
1410 3550 1450 3603 dd
1470 3550 1653 3607 differentiam
1679 3554 1764 3610 laiso·

96 3641 226 3697 omnibus
239 3640 381 3696 catholicae
391 3638 455 3694 lidei
467 3638 647 3694 cultoribusa
661 3637 792 3693 solitariis
805 3636 905 3692 dicen·
955 3651 1015 3690 rum
1031 3636 1145 3693 deorum
1157 3644 1184 3693 et
1199 3637 1418 3705 insensibilium,
1435 3641 1537 3710 quibus
1551 3651 1650 3719 gentes
1663 3644 1763 3702 trustra

97 3732 172 3787 tibus
201 3730 360 3804 frequenter
386 3729 525 3784 iterandas
552 3727 703 3791 orationes,
742 3736 773 3782 ut
811 3728 907 3782 saltem
958 3730 1113 3787 saliebant.
1130 3730 1444 3802 Eomnrunicantes‚tihi
1463 3734 1762 3795 offeruntsacriiicium

951 2735 1058 2791 porum,
1076 2729 1103 2777 et
1124 2723 1227 2779 boecst
1255 2740 1304 2796 pro
1325 2740 1380 2797 quo
1405 2726 1548 2784 oderimus
1576 2738 1630 2786 tam
1656 2735 1758 2804 pretio·

97 3823 306 3896 importunitate
319 3822 444 3877 vincatur
459 3821 543 3877 heus.

134 3918 254 3984 Quoiam
270 3917 320 3971 tibi
330 3916 397 3985 fides
411 3916 520 3983 coquite
534 3918 583 3981 est,
597 3911 625 3967 id
640 3910 907 3979 estidco,1lomlne‚

98 4015 238 4063 memento
262 4007 385 4062 omnium
423 4004 672 4072 circumstantium,
699 4003 823 4058 omnium
851 4002 906 4058 soi-

97 4097 163 4154 lieet
188 4097 323 4164 fidelium,
348 4098 412 4170 quia
440 4113 535 4154 eorum
559 4097 608 4153 tibi
636 4095 705 4152 fides
728 4094 839 4170 cognita
862 4103 905 4151 est

100 4196 127 4243 et
151 4196 215 4245 nota
234 4188 353 4244 devotio.
384 4187 429 4244 Sic
456 4187 570 4244 solitarii
594 4189 668 4243 bunc
688 4186 778 4242 locum
803 4186 905 4242 intelli·

101 4286 180 4352 gunt.

959 3818 1443 3892 laudis,tibiqueredduntvotasua.

996 3908 1235 3967 Communicuntes.
1274 3911 1356 3968 Extra
1390 3914 1614 3971 communionem
1646 3933 1765 3990 namque

959 4013 1015 4055 noa
1030 4005 1072 4054 est
1086 3998 1163 4056 loeus
1177 3998 1312 4056 olfereadi
1333 4001 1388 4058 lleo
1412 4003 1469 4058 veri
1496 4003 1623 4061 sacrilieii
1638 4008 1682 4062 rel
1702 4015 1766 4064 vota

957 4088 1072 4144 solvead
1086 4130 1092 4144 .

994 4186 1029 4239 Et
1042 4186 1198 4239 maneriam
1224 4187 1391 4240 uenerantes.
1407 4186 1491 4240 Aliter
1504 4184 1560 4241 heo
1579 4196 1684 4259 gratum
1710 4204 1765 4245 non

957 4274 1100 4331 offerimus
1126 4277 1305 4342 sacrificium,
1336 4276 1417 4332 aliter
1436 4277 1492 4333 Deo
1517 4278 1620 4332 utiliter
1635 4287 1696 4334 vota
1711 4295 1765 4334 non

135 4373 188 4425 Pro
208 4370 368 4441 quibustihi
389 4369 538 4439 offeramus,
557 4369 598 4423 uel
622 4371 671 4438 qui
702 4369 752 4423 tter
779 4366 1100 4438 offerunt.[)solvimus‚
1134 4365 1186 4420 nisi
1219 4364 1378 4419 memoriam
1405 4372 1562 4420 sanctorum
1593 4382 1764 4424 veneremur.

100 4458 159 4514 Non
196 4459 283 4514 solum
308 4459 464 4515 sacerdotes
485 4467 512 4512 et
537 4457 637 4520 clerus,
671 4458 727 4528 iqui
753 4456 905 4512 secundum

102 4554 225 4611 diversos
246 4554 349 4629 gradus
373 4553 475 4608 divinis
497 4559 669 4623 occupantur
697 4551 809 4620 divitiis)
839 4551 907 4607 olle·

103 4658 176 4715 runt,
194 4649 242 4704 scd
267 4649 350 4705 etiem
378 4649 534 4716 audientes,
558 4647 695 4719 quiretis
723 4657 750 4701 et
778 4646 910 4702 orationi·

103 4740 155 4795 bns
166 4741 301 4795 assistunt
313 4745 506 4811 cooperantes,
531 4746 558 4793 et
581 4737 678 4795 osculo
693 4737 909 4808 pacistanquam

103 4831 321 4897 communicant,
336 4828 531 4887 confirmantes
541 4830 614 4902 quod
629 4837 718 4884 actum
734 4837 783 4884 est.

142 4923 175 4976 Ut
187 4923 353 4990 amiticiam
374 4919 478 4986 leudis,
501 4934 566 4975 vere
581 4916 672 4973 laudis
692 4916 844 4974 estdiviaae
859 4918 912 4973 boc

104 5011 281 5080 sacrificium,
306 5012 377 5068 sieut
392 5012 422 5066 in
438 5012 490 5067 boc
515 5010 609 5068 officio
625 5010 717 5066 testati
734 5026 845 5066 sumus:
871 5009 914 5064 di·

105 5119 189 5177 gnum
211 5110 238 5158 et
254 5103 358 5172 justum
386 5108 439 5169 est,
463 5115 573 5172 aequum
587 5110 615 5155 et
628 5101 750 5156 salutare
760 5101 817 5156 lleo
844 5100 914 5157 Patri

104 5193 205 5266 gratias
224 5207 315 5264 agere,
346 5200 374 5246 et
399 5206 460 5246 cum
496 5190 625 5245 laudibus
649 5190 783 5265 angelicis
809 5188 912 5262 precati

105 5298 200 5338 sumus
212 5289 321 5338 nostras
340 5298 423 5339 voces
442 5283 560 5338 admitti.

140 5374 194 5426 Pro
220 5387 248 5426 se
275 5374 384 5442 suisque
409 5371 546 5436 ambitam
571 5384 621 5440 pro
653 5369 735 5425 nobis
760 5368 912 5438 offerimus,

105 5459 217 5533 quando
240 5458 377 5514 sacrificio
402 5459 541 5530 poscimus
563 5460 647 5514 ileum
677 5457 789 5524 babere,
819 5466 847 5514 et
868 5467 913 5514 tu-

105 5554 193 5605 torem
212 5555 308 5604 coatra
322 5547 446 5619 pericula
462 5549 587 5619 corporis
615 5555 643 5603 et
669 5547 778 5615 animae,
794 5554 822 5602 et
849 5562 914 5618 pro-

107 5638 205 5710 pitium
232 5635 267 5693 ad
292 5636 460 5695 obtinendos
495 5651 641 5693 successus
673 5635 762 5693 bonos
795 5634 823 5690 in
854 5642 914 5691 utra

958 4456 1008 4523 Qui
1028 4455 1102 4510 enirn
1126 4452 1250 4508 membra
1266 4452 1363 4507 Christi
1391 4467 1445 4507 non
1472 4454 1599 4519 honorat,
1621 4454 1673 4511 ne'e
1690 4456 1765 4511 Chri-

959 4548 1042 4604 stum,
1059 4540 1107 4613 qul
1127 4549 1210 4610 caput
1232 4547 1285 4606 est,
1307 4541 1445 4595 bonorare
1472 4549 1573 4612 potest.
1595 4544 1627 4598 Et
1642 4545 1689 4615 qui
1711 4561 1766 4601 non

960 4631 1076 4687 honorat
1087 4628 1196 4694 Filium,
1210 4643 1267 4684 non
1290 4628 1407 4683 honerat
1428 4628 1503 4683 illum
1521 4630 1566 4702 qui
1588 4631 1663 4687 misit
1678 4633 1765 4690 illum.

960 4719 1132 4775 lionoremus
1145 4732 1211 4791 crgo
1226 4726 1309 4787 caput
1323 4716 1351 4770 in
1364 4716 1507 4779 membris,
1523 4718 1608 4774 ileum
1624 4720 1653 4774 ia
1667 4723 1769 4778 sanetis

960 4811 1028 4878 suis,
1054 4819 1084 4865 ut
1111 4823 1206 4865 eorum
1233 4809 1339 4862 meritis
1358 4808 1553 4881 precibusque,
1590 4812 1617 4866 in
1639 4814 1768 4870 omnihus

961 4901 1141 4974 protectionis
1153 4900 1255 4956 divinae
1268 4900 1425 4956 muniamur
1440 4901 1552 4958 auxilio.

999 4995 1322 5066 laprimtsqloriosmetc
1335 4997 1602 5066 ,usqnedlaaiamur
1610 4999 1769 5071 uneilioper

964 5085 1086 5140 eumdem
1096 5083 1233 5139 christum
1248 5087 1393 5139 Dominum
1406 5088 1536 5140 nostrum.
1554 5087 1769 5148 lnverreratione

964 5181 1121 5229 sanctorum
1142 5172 1201 5227 baec
1217 5172 1285 5227 ratio
1298 5171 1479 5228 custodienda
1493 5181 1545 5239 est,
1565 5180 1595 5227 ut
1609 5174 1725 5244 primum
1742 5180 1770 5228 et

964 5278 1050 5334 saper
1063 5276 1161 5318 omnes
1176 5261 1256 5318 beata
1270 5261 1318 5316 Dei
1332 5261 1454 5317 Genitnx
1470 5263 1630 5324 honoretur,
1646 5261 1770 5319 secundo

965 5354 1093 5426 apostoli,
1123 5353 1203 5410 tertio
1235 5353 1323 5409 sancti
1351 5362 1496 5426 martyres,
1521 5354 1586 5409 inde
1613 5354 1659 5409 alii
1683 5354 1769 5410 sancti

964 5463 1071 5504 omnes.

1000 5540 1078 5594 Hanc
1090 5539 1177 5606 icitur
1190 5537 1359 5592 oblationem.
1382 5536 1452 5599 tinia
1470 5537 1524 5592 hoe
1536 5536 1700 5594 sacrificium
1720 5537 1772 5594 tibi

964 5631 1148 5693 oderimuain
1176 5645 1292 5702 corpore
1317 5630 1446 5687 Ecclesia
1476 5631 1720 5703 communicando,
1745 5642 1775 5688 et
