3720 6014
92 166 142 221 ru
202 217 208 230 ,
599 165 674 221 vtes
694 141 873 222 nannenus
893 162 1041 220 sciscant
1060 161 1253 220 emensis
1709 161 1763 218 ne

129 296 267 356 mouns,
287 295 410 367 ancujus
424 297 515 364 tratre
529 298 586 366 tuit
600 299 716 366 penitus.
917 299 1047 369 Ameria
1061 298 1192 365 amatoris
1211 297 1307 363 nostri,
1322 295 1427 352 Ottonis
1440 294 1563 350 uidelicet
1576 295 1765 363 nupmtissimi

92 388 221 445 Crastina
235 386 397 456 Septembris
412 388 463 443 lue
478 389 521 444 iis
534 388 852 456 tuttultimamembris.
956 387 1141 455 imperatoris,
1155 386 1277 455 pmmum
1303 384 1439 454 adificare
1459 384 1549 454 capit,
1569 388 1594 438 et
1607 387 1763 450 wantum,

129 479 237 537 Christe
249 477 294 513 ¹¹¹¹
306 481 381 534 tuam
400 481 518 550 requiem
531 480 568 534 da
582 481 638 535 sibi
651 485 729 550 teque
748 480 840 535 diem!
956 493 1033 547 quan
1045 481 1136 533 nostro
1154 477 1233 532 licitu
1248 478 1277 531 in
1290 476 1345 531 loco
1360 477 1409 546 put
1423 475 1520 544 Spinai
1538 475 1641 530 dicitur
1659 477 1765 545 pmmns

128 573 164 630 20
183 576 328 631 Deiterata
337 575 511 630 immunitate
525 576 649 631 aeclesia
657 577 747 631 sancti
759 576 904 631 vincentii.
955 573 1079 636 elataeit,
1103 572 1243 643 imperiali
1264 576 1364 627 nostra
1375 572 1564 641 preceptionis
1583 570 1727 625 donatione
1740 573 1766 624 at

93 663 157 720 Otto
172 664 323 734 imperator
337 663 441 720 sedatis
453 665 560 721 cunetis
574 664 696 720 motibus
710 679 761 735 per
779 662 904 729 Galliam,
954 668 1076 736 potentia
1090 668 1320 736 confirmaremus,
1340 667 1366 718 et
1378 668 1408 718 ut
1421 663 1539 731 familiis
1551 663 1665 718 ecclesia
1677 662 1767 717 sanai

94 756 201 812 ltaliam
224 771 320 812 semus
334 756 451 827 arripuit
464 757 538 812 viam
565 756 621 828 (an.
638 755 710 822 980).
736 755 792 812 Nec
810 755 906 812 aberat
956 755 1089 825 Stephani
1104 755 1331 824 prothomartyris
1350 754 1466 819 Christi,
1489 754 1532 808 cut'
1546 755 1605 824 ipse
1625 751 1764 824 presidet,

93 863 110 903 a
144 849 227 903 ¹attere
260 847 348 918 ipsius
371 847 499 904 conscius
529 846 652 904 omnium
681 847 858 904 consiliarum
878 853 906 902 et
956 845 1038 912 lepem
1059 845 1340 915 apradecessoribus,
1356 844 1468 911 nostris,
1494 843 1603 911 rupibus
1617 842 1718 897 scilicet
1741 845 1767 897 et

95 937 236 1009 particeps
251 937 376 992 omnium
392 937 784 1013 negotiorum,episc0porum
805 939 904 1003 honor,
955 939 1176 1008 imperatoribus,
1207 938 1264 992 iliis
1291 950 1452 1002 concessam,
1481 936 1644 991 auctoritate
1670 935 1767 989 nostra

93 1028 431 1101 Deodericnsepiscepus,
448 1045 530 1103 quem
544 1031 690 1102 utriusque
702 1030 846 1106 dignitatis
859 1046 906 1085 re·
955 1029 1113 1086 mantionis
1131 1030 1235 1085 nouiter
1252 1031 1290 1084 eis
1309 1029 1507 1084 contaedercmus
1525 1032 1606 1098 atque
1624 1028 1765 1095 conforta·

92 1118 217 1174 verentia
232 1119 362 1188 majorem
386 1126 433 1176 sut
451 1119 586 1193 aqualem
607 1120 742 1176 reddebat
761 1119 903 1176 omnibus.
955 1133 1052 1177 remus.
1070 1121 1152 1192 darius
1179 1123 1338 1192 petitionem
1362 1136 1415 1192 pro
1435 1121 1529 1176 diuino
1543 1135 1635 1175 amore
1654 1119 1766 1186 benigna

94 1210 142 1266 Set
157 1210 233 1266 nulia
249 1217 383 1266 terrarum
400 1211 589 1285 longinquitas
615 1229 678 1268 eum
695 1222 749 1268 tam
764 1211 847 1287 longe
863 1212 904 1268 di·
955 1217 1140 1285 suscipientes,
1154 1216 1302 1287 praefatum
1316 1216 1509 1269 monasterium
1522 1216 1552 1268 in
1567 1214 1665 1268 bonore
1678 1214 1767 1267 satiati

95 1306 234 1378 sperabat,
265 1307 341 1362 nulla
363 1307 467 1363 siarum
493 1308 637 1380 prolixitas
662 1310 733 1365 adeo
762 1307 904 1385 gravabat,
959 1307 1095 1360 Vincentia·
1108 1308 1240 1374 rncrtyris
1259 1307 1439 1360 consecratum
1459 1304 1510 1358 sub
1524 1307 1622 1358 nostra
1641 1305 1765 1358 tuitionis

95 1395 170 1452 nulla
197 1397 410 1468 occupationum
432 1398 621 1471 multiplicitas
647 1417 709 1456 eum
730 1400 758 1454 in
794 1408 903 1455 tantum
956 1398 1128 1450 emunitatem
1151 1397 1327 1466 suscepimus,
1342 1399 1366 1449 et
1380 1395 1470 1448 omnia
1484 1394 1548 1448 iiiuc
1568 1395 1601 1446 ab
1619 1408 1647 1448 eo
1666 1393 1708 1448 eei
1731 1393 1765 1448 ab

95 1491 226 1567 angebat,
241 1491 308 1563 quin
318 1490 424 1566 jugiter
434 1491 505 1547 bene
520 1493 674 1550 ethoneste
688 1493 907 1551 consummando
956 1484 1013 1538 iiiii
1028 1484 1146 1549 ilidii·
1166 1488 1191 1538 ti
1206 1483 1296 1538 “diiii
1316 1482 1351 1537 ab
1369 1482 1506 1551 aliquibus
1520 1480 1665 1548 tradenda,
1688 1484 1766 1550 regia

95 1581 224 1637 coenobio
246 1579 333 1635 sancti
359 1579 496 1635 Vincentii
518 1582 640 1637 animum
656 1598 736 1639 suum
755 1589 907 1655 praesentn-
958 1577 984 1627 el
997 1573 1132 1642 imputati
1150 1572 1336 1641 munificentia
1355 1585 1387 1624 aa
1401 1570 1601 1638 ermeneumata
1619 1570 1764 1638 confirma-

95 1681 147 1739 ret,
165 1679 192 1729 et
206 1681 238 1729 ut
252 1673 327 1728 nulla
342 1672 395 1728 alia
410 1689 477 1729 cura
491 1672 582 1730 acrior
597 1675 650 1731 hac
669 1676 759 1747 ipsum
773 1674 906 1744 sollicitu-
957 1677 1015 1716 mus
1029 1676 1036 1726 3
1052 1664 1077 1715 ti
1090 1663 1222 1715 meiissilii
1240 1661 1269 1713 ¹¹¹
1282 1657 1412 1728 Piffldiim
1437 1657 1492 1712 ¹⁰¹⁰
1512 1657 1628 1712 ¹¹⁶¹¹¹i¹¹i
1643 1662 1674 1711 ¹¹¹
1688 1658 1766 1712 dein-

95 1772 146 1820 ret.
163 1764 335 1835 Quapropter
361 1763 437 1818 eiad
457 1763 561 1819 bonum
590 1781 700 1837 semper
724 1767 830 1822 intenta
850 1781 905 1822 nen
957 1768 1017 1824 c¹1¹⁸
1032 1754 1132 1823 “iiiiii
1150 1752 1291 1807 ¹¹⁰¹¹¹⁸¹¹¹¹¹¹¹
1306 1752 1426 1806 ⁰m¹¹¹¹¹¹¹
1448 1753 1631 1806 ⁶⁰¹¹ii⁰¹¹¹¹¹⁸¹¹¹
1652 1753 1766 1821 iiiiii

94 1854 260 1922 sufficiebat,
276 1855 350 1927 quod
366 1854 458 1911 tooum
475 1855 553 1911 titum
569 1861 596 1911 ot
611 1858 704 1912 omnia
720 1856 759 1912 itti
779 1857 907 1930 delegata
956 1851 1008 1902 stet
1026 1849 1106 1916 atquo
1126 1849 1244 1908 moneor,
1264 1844 1401 1913 emporion·
1425 1845 1556 1915 potestate
1570 1845 1763 1914 precipimus

94 1949 256 2005 auctoritate
276 1956 304 2003 et
320 1947 516 2005 bencdictione
534 1948 670 2005 iohannis
684 1965 762 2021 papae
777 1948 842 2004 alirn
859 1947 905 2002 fir·
955 1936 1180 2005 praeliorumque
1192 1937 1318 2004 Pioeissioe
1331 1934 1455 1990 miiitii'ae
1475 1934 1569 2003 litim·
1592 1950 1674 2004 tl¹¹¹¹¹¹¹
1691 1951 1763 2005 pra-

95 2038 220 2093 mitcret
242 2037 368 2109 legaliter
392 2037 537 2100 munierat,
566 2044 608 2092 set
634 2037 849 2092 adbucobviam
866 2036 905 2092 ire
954 2028 1447 2102 scriptusllcodericuseplsoapuseis
1467 2027 1694 2082 eoncedendama
1715 2043 1765 2082 no·

96 2126 242 2195 injusticiae
262 2140 419 2197 pravorum,
435 2124 509 2181 bona
531 2125 645 2180 aliorum
661 2140 804 2196 perperam
820 2141 904 2179 usur·
956 2125 997 2178 bis
1008 2124 1116 2193 petiuit,
1146 2121 1286 2192 imperiali
1305 2120 1373 2175 ἀοηο
1392 2122 1417 2172 ct
1430 2120 1579 2172 munimine
1592 2118 1649 2172 iliis
1667 2119 1763 2172 debinc

83 2221 404 2293 ¹pantiunnomnimodis
428 2220 582 2276 insistebat.
611 2219 689 2276 Unde
719 2219 905 2275 modoaddu-
954 2212 1094 2267 tenendam
1112 2211 1281 2267 comedimus
1300 2215 1380 2279 atqie
1403 2208 1585 2275 confortamus
1610 2206 1764 2264 ¹¹¹¹.Etut

85 2320 156 2371 ctus
178 2314 231 2369 loci
253 2320 281 2369 et
306 2313 438 2383 temporis
464 2312 650 2384 oportunitate
667 2313 721 2382 (att.
739 2312 812 2383 981),
835 2311 904 2366 illud
955 2303 1009 2357 iloei
1021 2306 1122 2356 Μίνω
1134 2301 1287 2355 donationis
1299 2313 1375 2354 conec
1389 2299 1429 2353 ⁸5⁰
1443 2312 1491 2366 per
1504 2299 1601 2364 iiiiii
1612 2300 1762 2367 iimPOWm

96 2401 186 2472 ipsurn
202 2401 376 2475 priuilegium
389 2402 454 2457 olim
465 2403 597 2472 scriptum
608 2408 635 2457 et
650 2401 789 2478 signatum
804 2417 818 2455 a
833 2417 904 2472 papa
954 2390 1123 2446 curriouicn
1136 2391 1240 2444 cilitiis
1253 2388 1376 2456 fidelibus
1390 2388 1495 2456 Μῶν
1511 2385 1555 2420 ¹⁰¹⁸
1568 2386 1764 2447 Mbeailil'dwi

92 2491 220 2546 iohanne
238 2491 464 2563 operaepretium
483 2491 561 2546 duxit
577 2490 746 2557 iterandum,
763 2490 904 2546 Benedicti
953 2483 1051 2535 Μίνω
1062 2478 1229 2534 celsitudinis
1238 2476 1471 2548 preceptumindo
1483 2477 1665 2546 ⁶⁰¹¹S¹¹¹⁶Pi¹¹m
1675 2477 1764 2545 iiiiii

94 2596 128 2636 co
149 2587 273 2652 tempore
306 2580 472 2652 apostolicas
500 2581 575 2636 sices
603 2579 711 2655 agentis
742 2579 905 2636 auctoritate
954 2569 1765 2641 nostriiustissimisiutitejuiil'mllbminttvtvtotltt'a

94 2670 226 2742 scriptum
249 2686 298 2740 per
314 2686 423 2724 manum
450 2670 599 2744 Bonigenis
626 2669 725 2726 notarii
753 2676 834 2742 atquo
862 2685 906 2724 re·
955 2662 1196 2719 corroboravimus.

94 2761 214 2833 gion-nii
228 2768 329 2815 sanctae
346 2761 476 2815 ilamanae
496 2749 640 2827 ecclesia,
657 2760 684 2814 in
705 2776 799 2814 mense
822 2759 905 2831 Aprili
992 2755 1107 2822 Stpnum
1121 2754 1214 2808 domni
1227 2753 1332 2810 Ouanis
1346 2753 1520 2808 invictissimi
1529 2752 1699 2821 imperatoris
1712 2765 1763 2805 aa·

97 2848 249 2904 indictione
262 2857 358 2904 octava
374 2848 460 2919 isat).
956 2849 1038 2914 pusii.
1054 2846 1097 2917 (it.
1115 2845 1162 2916 li.)
1173 2844 1346 2900 ililtiiboidns
1358 2847 1500 2915 episcopus
1513 2843 1692 2899 canceilariae
1707 2845 1764 2900 cicc

131 2939 176 2992 at.
192 2941 230 2993 Dc
247 2940 376 2995 roborata
390 2942 560 2994 immunitate
574 2944 694 2995 actorum
712 2939 779 3010 ejus.
795 2937 836 2994 lta
849 2940 904 2995 llo·
930 2996 940 3016 ,
958 2942 1091 3011 Wiliigisi
1104 2940 1316 3010 arcittcapeiiani
1328 2943 1478 3006 reoopnoui.
1503 2942 1574 2994 Data
1590 2937 1623 2994 li
1645 2937 1762 2994 Kalend.

97 3027 165 3082 mini
181 3044 277 3085 sertus
292 3027 383 3084 fidelis
408 3036 436 3084 et
450 3029 573 3100 prudens
593 3035 656 3084 ante
681 3036 708 3084 et
723 3035 795 3083 retro
810 3027 905 3083 acula·
917 3001 941 3062 (Α
953 3032 1031 3099 iulii,
1056 3046 1128 3086 auno
1143 3030 1284 3084 dominica
1305 3029 1503 3083 insurrectionis
1522 3027 1586 3095 983,
1615 3026 1764 3084 indictione

97 3128 152 3184 tus,
169 3133 204 3171 nc
220 3118 313 3188 aliqua
324 3125 448 3188 ternpore
465 3116 609 3172 fascinatio
623 3115 789 3189 nugacitatis
805 3115 907 3172 obscu-
956 3121 999 3184 ll,
1024 3135 1096 3174 arena
1110 3120 1189 3186 repni
1209 3118 1381 3172 invictissimi
1399 3117 1503 3173 titionis
1522 3116 1557 3170 25
1584 3115 1631 3152 ¹⁰¹¹
1654 3115 1764 3186 imperii

95 3219 167 3265 reret
182 3209 256 3265 bona
271 3210 356 3275 illius,
382 3223 506 3282 praesago
532 3207 685 3264 futurorum
705 3207 805 3279 spiritu
822 3208 907 3263 duce·
954 3216 1042 3267 autem
1058 3213 1101 3266 15.
1118 3213 1215 3266 rictum
1228 3208 1467 3277 Mantnoefelict'ter
1481 3223 1568 3263 amen.

95 3305 186 3369 batur,
213 3312 244 3358 ut
264 3303 396 3374 quamdiu
425 3302 479 3357 vita
499 3301 712 3372 eteportunitas
739 3301 906 3372 patiebatur,
989 3303 1025 3359 ii
1060 3307 1097 3359 De
1119 3304 1550 3370 bonaconsummattoncoparum
1576 3301 1679 3355 damini
1697 3302 1763 3354 lica·

95 3397 248 3469 apostatico
263 3407 292 3450 et
305 3395 440 3465 imperiali
455 3393 586 3470 suffragio
599 3395 768 3450 domesticos
783 3393 847 3448 lidci
863 3401 908 3449 tu·
955 3396 1049 3461 clerici,
1066 3397 1091 3447 et
1102 3394 1189 3447 abitus
1203 3391 1273 3461 ejus.
1295 3389 1340 3444 Vir
1354 3389 1450 3461 itaque
1470 3389 1577 3443 llomini
1598 3387 1764 3445 [teodericus

94 3495 211 3551 taretnr,
228 3487 261 3540 ad
278 3499 348 3556 quos
358 3485 475 3540 maxime
487 3485 591 3540 bonum
607 3500 657 3554 pra
669 3482 791 3539 remedio
807 3482 907 3538 animae
957 3489 1092 3543 banorum
1108 3500 1223 3556 operum
1239 3480 1337 3539 studiis
1356 3481 1480 3554 adprime
1496 3481 1618 3536 intentus
1632 3486 1659 3537 et
1674 3481 1708 3536 do
1723 3487 1763 3537 ta·

95 3592 152 3631 sure
172 3575 347 3646 operabatur.
380 3573 680 3646 Necselamquaesisit
704 3572 906 3627 itnmunitutem
957 3574 1098 3632 lentesibi
1122 3574 1229 3630 credito
1249 3571 1375 3645 pervigili
1404 3587 1470 3628 cura
1496 3571 1641 3638 sollicitus,
1669 3586 1762 3627 coram

97 3668 180 3736 hujus
197 3667 261 3731 loci,
276 3673 319 3721 set
332 3673 359 3720 ct
374 3665 427 3720 alia
442 3673 501 3721 acta
514 3681 564 3720 sun
582 3665 679 3722 t'olcns
699 3665 906 3736 inperpetuum
957 3664 1073 3720 Domino
1103 3677 1153 3718 sue
1177 3660 1358 3732 multiplicata
1381 3660 1492 3732 pietatis
1512 3676 1597 3732 opera
1624 3666 1765 3732 reportare

97 3774 155 3819 rata
173 3764 242 3829 lieri,
259 3779 313 3819 nen
330 3762 437 3818 distulit
460 3778 493 3818 ea
513 3762 594 3838 legali
615 3763 718 3834 scripto
732 3760 906 3828 conlirmare,
957 3752 1087 3808 studebat
1109 3758 1137 3806 ei
1162 3749 1274 3805 slmiliae
1293 3747 1347 3803 Sibi
1374 3748 1527 3805 willmssiie
1546 3748 1646 3820 clitum
1664 3747 1764 3805 saluta·

99 3856 191 3911 edicto
205 3853 908 3926 imperialicorroborareetanuliejusimpressiana
959 3861 1028 3911 rent,
1044 3850 1074 3899 ut
1087 3843 1177 3898 tidelis
1190 3841 1485 3913 sertus,suppeditarc
1500 3842 1674 3912 procurabat.

98 3945 272 4016 consignare.
297 3943 356 3999 lion
383 3944 476 4017 pigeat
491 3943 576 4016 igitur
605 3943 693 4014 ipsam
706 3942 772 3997 binc
788 3942 909 3997 inserere
995 3938 1098 3995 Praesul
1119 3938 1193 3993 enim
1209 3935 1298 3993 iactus
1311 3936 1452 4008 conplevit
1466 3935 1590 4007 praesnlis
1605 3941 1691 4006 actus,

98 4043 212 4103 cartam,
224 4052 339 4107 operum
350 4036 489 4107 pontilicis
499 4034 586 4091 nostri
599 4043 626 4090 et
636 4034 783 4090 uerborum
799 4043 908 4090 nestro·
1031 4030 1134 4088 Proluit
1146 4046 1180 4086 ac
1192 4030 1298 4094 esibus,
1312 4027 1421 4100 praefuit
1434 4027 1495 4099 ipse
1510 4027 1621 4099 quibus.

99 4145 159 4182 rum
175 4135 273 4183 testem
288 4127 428 4183 idoneam.
995 4121 1130 4195 [litigabat
1143 4135 1330 4192 namqueeos,
1344 4133 1413 4190 quos
1424 4117 1452 4171 in
1465 4115 1667 4172 aeclesiasticis
1680 4115 1767 4171 actio·

135 4221 278 4275 Decretum
298 4218 405 4275 ottonis
418 4217 534 4274 secundi
554 4216 608 4272 ¹⁰¹¹.
626 4219 657 4272 ln
675 4217 784 4272 nomine
808 4217 910 4286 saneta
960 4214 1041 4270 nibus
1057 4212 1195 4268 feruentes
1209 4227 1273 4268 csse
1287 4209 1429 4273 cernebat,
1445 4215 1473 4264 et
1487 4217 1518 4263 ut
1529 4208 1652 4263 studium
1671 4223 1767 4277 perse·

98 4314 287 4369 etirtdieiduoe
303 4313 448 4367 Trinitatis
464 4311 524 4367 Otia
539 4307 910 4377 diuinataeenteclrmcntia
958 4303 1072 4360 serendi
1098 4318 1153 4359 non
1191 4305 1397 4373 postponerent,
1435 4295 1609 4352 lructilicanti
1641 4294 1766 4352 doctrina

97 4409 245 4476 imperator
269 4408 410 4471 cupustus.
440 4403 565 4459 Omnium
584 4401 706 4470 fidetium
743 4404 907 4464 nostrarum,
959 4387 1500 4463 ammonebat.Neglegentioresautem,
1515 4385 1561 4456 qui
1582 4384 1764 4455 minusquam

97 4496 270 4567 praesentium
291 4495 390 4549 scilicet
410 4497 491 4563 utqtte
513 4493 683 4560 (utut-orum,
713 4493 806 4559 pateat
825 4487 909 4542 indu·
959 4483 1100 4538 debebant
1114 4479 1281 4552 etaugelicae
1295 4475 1396 4532 actiani
1412 4472 1683 4542 inliterebant,juxla
1698 4488 1767 4544 prae·

97 4594 173 4647 serto
195 4590 327 4661 quomodo
355 4589 442 4659 pocta
470 4587 746 4643 asscensorem
773 4585 909 4640 nortona
961 4580 1070 4645 centum
1096 4568 1218 4626 doctoris
1245 4567 1369 4639 centium
1400 4563 1552 4639 arguebat,
1577 4561 1765 4630 obsecrabat,

98 4685 222 4739 aeclesia
249 4683 410 4738 emerabilis
434 4684 571 4751 episcopus
600 4683 732 4734 anostra
754 4676 911 4733 celsitudine
961 4663 1130 4735 increpabat,
1157 4676 1189 4716 ³0
1214 4675 1248 4714 1¹¹³
1278 4658 1415 4715 ffi0l³ib¹¹⁸
1437 4656 1618 4713 lssl'isibilitlm
1637 4654 1765 4727 limium

97 4774 260 4843 suppliciter
283 4773 373 4841 petiit,
402 4774 432 4824 ui
455 4770 646 4824 monasterium
665 4768 756 4822 serrati
777 4765 911 4822 vincentii
961 4756 1129 4811 laetlercnlttt
1151 4765 1227 4805 muro
1242 4748 1373 4820 spiritalis
1388 4747 1560 4804 defensionis
1585 4747 1765 4802 munirenon

98 4865 175 4932 faros
189 4878 279 4916 tnttros
290 4862 411 4916 cteitatt's
424 4875 489 4925 sna,
512 4860 590 4913 blatis
602 4861 701 4912 uocata
715 4855 770 4922 ¹⁰¹¹,
786 4859 911 4910 canestru·
962 4848 1123 4907 desistebat.
1144 4846 1173 4900 ln
1195 4846 1247 4901 bac
1272 4859 1337 4899 vere
1353 4842 1485 4915 perlectis
1500 4853 1610 4899 actuum
1628 4841 1689 4910 ejus
1706 4840 1766 4895 lau·

98 4960 181 5021 otum,
202 4953 274 5024 quod
289 4954 418 5024 ipserum
440 4951 550 5005 licentia
563 4952 588 5002 et
609 4961 738 5004 cmuensu
762 4946 844 5001 beata
856 4960 913 5000 me·
962 4939 1063 4996 dabilis
1087 4935 1187 5002 extitit,
1208 4933 1283 5007 quia,
1303 4932 1377 5005 quod
1401 4932 1550 5004 sagacitate
1578 4939 1606 4987 et
1624 4928 1768 4985 attinentia

774 5071 884 5128 ViillAE
908 5066 1096 5127 stertentis,

137 5207 316 5263 ¹¹¹¹Cristec.
369 5203 565 5261 esseest-:rt
584 5209 606 5259 t.
665 5203 854 5258 ¹⁰¹³tocatac.
906 5197 1009 5252 ¹¹¹¹lc'c
1027 5199 1052 5250 et
1072 5189 1366 5263 supraconlirmamts
1390 5193 1414 5242 et
1433 5183 1661 5242 confirmaremus
1688 5182 1769 5238 intei-

101 5280 293 5349 iipeudumest
343 5278 388 5313 ¹⁰¹¹
407 5276 497 5333 firmo
516 5293 539 5332 c.
580 5275 626 5310 ¹⁰¹¹
639 5273 844 5342 intelligendum
858 5268 950 5326 lllllll.
981 5264 1087 5338 imperii
1114 5262 1181 5318 xvt.
1208 5261 1254 5316 sed
1280 5261 1387 5330 reliqua
1415 5258 1500 5328 liujus
1527 5256 1653 5325 temporis
1674 5253 1768 5324 diplo-

103 5356 180 5407 mata
193 5352 282 5406 eodem
295 5352 363 5406 uilio
377 5351 511 5404 laimunt.

887 5448 993 5508 natm.

139 5559 210 5629 teat)
226 5559 305 5614 ineo
319 5556 367 5612 981
385 5554 499 5612 indictio
513 5569 586 5610 nona
600 5551 729 5609 currebat
742 5557 804 5606 atta.
820 5549 866 5605 981
892 5547 976 5604 icisse
997 5544 1170 5616 imperatoris
1186 5550 1251 5597 tunc
1270 5539 1352 5596 statie
1371 5537 1462 5593 Romae
1479 5535 1593 5592 indicat.
