3720 6014
87 221 141 280 739
693 213 865 274 stusattatt
890 209 1145 269 ctuuuacsasts.
1605 278 1608 285 Ι
1706 200 1762 255 tlt}

87 376 200 436 gregem
222 374 379 430 porcorum,
406 374 484 415 suem
512 358 591 414 avide
620 366 648 415 et
668 358 825 430 importune
846 353 1113 431 vaAetgaudeus
1137 368 1199 409 cum
1214 344 1521 426 magistroetllomino
1540 359 1590 400 suo
1619 340 1676 398 sibi
1698 356 1761 396 esse

87 459 206 507 stantem
226 458 344 527 segetes,
362 451 426 506 dum
452 451 550 507 nititur
564 467 657 507 arcere
677 468 692 506 a
712 451 813 507 damno
826 448 894 505 vici·
945 444 1113 506 communia.
1140 444 1184 500 cui
1212 443 1330 500 subdola
1354 439 1531 497 consessione
1564 433 1762 520 acclamabant

88 555 199 608 norum,
214 539 354 596 occiderat
377 555 437 595 eam
452 556 503 611 per
517 539 657 595 incautum
678 539 778 611 lapidis
797 539 892 594 ictum.
944 537 1097 594 doemonia:
1118 557 1131 588 a
1147 536 1216 602 Quid
1236 536 1316 592 nobis
1329 542 1356 589 et
1378 531 1438 599 tibi,
1455 533 1529 597 lesu,
1546 528 1597 585 Fili
1614 527 1664 583 liei
1681 524 1762 583 vivii

88 629 138 684 Pro
158 629 209 684 bae
220 626 324 684 offensa
335 627 478 684 dominum
494 644 574 684 suum
589 628 714 696 timebat,
728 628 807 697 cujus
826 626 893 680 iram
943 629 1044 685 venisti
1065 637 1128 684 ante
1157 637 1265 699 tempus
1286 626 1404 697 perdere
1429 621 1503 680 nos?
1533 647 1539 669 ·
1564 621 1674 692 (Mettio.
1701 616 1761 688 vnr)

85 718 193 775 obhoo
226 719 345 774 maxime
378 719 535 789 exasperari
566 718 709 783 credebat,
741 717 816 790 quod
850 731 894 771 se·
944 718 1070 789 exemplo
1090 716 1240 774 Dominieae
1256 713 1464 786 increpationis,
1480 708 1685 782 comprimebat
1706 706 1760 762 lal-

88 816 169 880 ptem
192 808 248 864 nati
263 809 436 871 obermntes,
455 807 536 864 solito
557 808 630 864 cirea
647 808 733 864 ubera
757 805 894 862 deiunctae
945 806 1034 861 sitatis
1053 805 1221 878 vaniloquia.
1252 804 1405 875 sciensque
1433 802 1485 858 boc
1505 799 1674 855 daemonium
1697 811 1761 852 esse

88 896 183 954 matris
196 897 349 954 lacclicere
369 896 509 963 volebant,
525 896 574 952 sed
590 895 693 952 nullam
719 894 894 951 vitaealimo·
946 895 980 950 de
1004 895 1052 951 illo
1072 909 1186 967 genere,
1208 893 1242 949 de
1263 909 1318 965 quo
1337 891 1438 948 dicitnr
1465 907 1480 945 a
1507 888 1639 946 llomino:
1658 908 1673 939 e
1704 886 1761 941 lloc

89 987 163 1042 uiam
180 986 208 1040 in
224 992 390 1059 praenrortuo
410 1000 527 1056 corpore
542 985 666 1040 invenire
686 990 823 1056 poterant.
838 983 895 1037 lla·
945 1000 1034 1058 genus
1050 999 1106 1039 uon
1122 990 1213 1056 potest
1240 983 1313 1053 ejici,
1334 981 1387 1037 nisi
1414 981 1441 1037 in
1456 979 1580 1036 oratione
1600 984 1628 1033 et
1648 975 1762 1047 jejunio

89 1075 204 1142 clovius,
229 1091 312 1146 quem
329 1074 381 1129 sibi
407 1081 493 1130 totum
509 1074 699 1130 vindicaverat
725 1073 824 1144 pietas,
840 1088 895 1128 non
950 1074 1060 1142 (Marta.
1082 1073 1167 1144 xvrr);
1192 1094 1201 1121 ι
1229 1071 1288 1127 lusa
1303 1087 1387 1142 super
1408 1086 1506 1141 aquam
1523 1065 1670 1123 exorcismi
1697 1078 1762 1120 ora·

90 1166 178 1238 potuit
204 1165 265 1220 sine
294 1164 422 1236 lacrymis
448 1164 544 1220 videre
563 1163 672 1218 subulci
696 1163 845 1234 lacrymas:
873 1171 901 1218 et
951 1166 1037 1233 tione,
1054 1161 1668 1236 etadditaepiscopalibenedictionepotum,
1683 1153 1765 1211 dedit

91 1254 151 1310 lusa
167 1255 290 1310 oratione
306 1254 340 1309 ad
355 1255 453 1322 lleum,
474 1254 532 1308 auri
547 1253 684 1309 delunotae
697 1253 755 1309 suis
768 1254 901 1325 imposuit
951 1255 1060 1327 puellae.
1078 1255 1129 1310 Per
1142 1269 1222 1327 aquae
1236 1252 1388 1308 benedictae
1402 1250 1543 1322 poculum,
1557 1248 1649 1304 inlusa
1659 1246 1763 1301 virtute

90 1347 219 1403 baculum
235 1362 332 1403 suum:
349 1355 377 1402 et
395 1347 556 1401 resuscitata
571 1362 604 1401 ea
618 1345 653 1400 ad
672 1345 762 1401 solum
787 1353 900 1415 tactum,
951 1346 1157 1403 benedictionis
1175 1344 1361 1418 permembra
1374 1342 1486 1416 puellae,
1502 1339 1641 1397 diabolica
1652 1338 1764 1394 immis-

91 1439 225 1496 rnoerendi
242 1437 511 1511 reddiditgaudium.
534 1437 671 1493 Subulous
689 1453 747 1493 rem
762 1437 797 1492 ad
812 1437 902 1493 domi·
951 1440 1029 1495 sione
1045 1440 1091 1495 diu
1112 1440 1241 1506 contrita,
1267 1437 1369 1495 cecidit
1388 1436 1529 1492 interram
1557 1433 1662 1506 puella,
1680 1430 1763 1504 quasi

92 1548 157 1587 num
172 1531 276 1598 retulit,
294 1539 321 1584 et
335 1530 474 1601 praeconia
495 1529 568 1586 servi
582 1530 630 1587 bei
651 1546 701 1601 per
715 1545 763 1586 ora
777 1530 901 1586 omnium
951 1542 1067 1592 mortua.
1085 1534 1168 1591 Paulo
1185 1542 1246 1607 post
1270 1539 1412 1606 resumpto
1426 1530 1537 1602 spiritu,
1552 1526 1672 1585 surrexit
1691 1541 1762 1581 sana

93 1623 213 1680 diffudit·
244 1623 378 1679 [1011111113
393 1638 509 1679 11191180
534 1639 618 1695 equo,
639 1640 687 1680 0111
706 1623 740 1678 all
755 1639 787 1679 ⁰⁸
801 1623 902 1699 gratias
917 1668 941 1738 B
952 1635 979 1684 et
994 1629 1065 1697 lata,
1081 1627 1201 1702 effugato
1216 1627 1329 1699 pessimi
1340 1624 1498 1698 pervasoris
1512 1623 1630 1694 impetn,
1646 1626 1675 1676 et
1689 1618 1777 1699 laeti-²

92 1715 479 1792 ogitsanotoviro,etvillam
496 1715 903 1784 unameontuliteoclesiae,ad
952 1718 1044 1776 licavit
1070 1719 1139 1775 alios
1158 1735 1208 1791 pro
1238 1719 1346 1796 integro
1375 1722 1532 1772 restaurata
1562 1710 1765 1770 incolumitatis

92 1826 160 1866 usus
173 1808 368 1865 servorumllei
378 1808 430 1863 sub
444 1823 487 1864 eo.
953 1815 1035 1865 statu.
1059 1808 1140 1864 Pater
1155 1807 1254 1864 videns
1266 1806 1435 1864 satisfactum
1450 1803 1596 1861 desideriis
1619 1800 1690 1869 suis,
1714 1815 1764 1873 pro

408 1900 512 1956 CAPUT
529 1900 585 1955 llll.
953 1900 1103 1977 gratiarnm
1131 1901 1239 1958 actione
1267 1899 1364 1956 ditavit
1389 1905 1510 1955 sanctam
1534 1894 1686 1952 Ecclesiam
1717 1891 1766 1948 liei

127 1992 215 2050 Gessit
229 1999 256 2048 et
270 1992 345 2048 alind
361 1993 494 2065 quiddam
508 1993 611 2061 simile,
622 1993 664 2049 vel
680 2008 728 2064 pro
741 1992 800 2049 solo
814 1992 901 2065 pieta·
952 1990 1065 2061 praediis
1091 1999 1119 2047 et
1133 1990 1223 2047 xeniis
1250 1989 1387 2062 pretiosis.
1413 1987 1481 2053 Quia
1503 1985 1591 2061 gloria
1617 1992 1665 2040 aut
1690 1995 1763 2047 raro.

93 2084 127 2140 tia
140 2083 242 2139 intuitu
255 2083 321 2139 satis
345 2082 533 2154 proedicabile.
559 2084 683 2139 imitatus
700 2083 810 2138 Paulum
826 2099 899 2155 apo·
952 2091 999 2139 aut
1023 2097 1165 2154 nunqnam
1181 2092 1256 2138 earet
1283 2079 1398 2148 invidia,
1423 2095 1477 2136 non
1498 2077 1610 2150 pertulit
1629 2075 1678 2131 diu
1702 2081 1765 2131 tan·

90 2174 191 2233 stolum
217 2175 289 2247 (Act.
314 2177 369 2243 nu),
385 2175 429 2231 cui
447 2191 545 2231 manus
559 2191 615 2230 suae
629 2176 771 2247 operando
786 2174 901 2246 supple·
951 2180 1006 2229 tam
1019 2173 1143 2230 ltaclovii
1169 2172 1287 2249 gloriam
1302 2171 1408 2243 antiqui
1429 2170 1517 2226 hostis
1544 2168 1683 2226 versutia:
1715 2165 1764 2222 sed

92 2266 169 2335 baut,
184 2267 208 2322 si
230 2267 299 2339 qnid
317 2267 371 2322 sibi
394 2268 501 2323 deerat:
522 2276 550 2323 et
573 2268 632 2339 ipse
649 2267 743 2325 labore
769 2283 900 2323 manuum
951 2282 986 2321 ne
1012 2266 1039 2321 in
1063 2280 1148 2339 regno
1164 2264 1263 2321 Christi
1279 2264 1462 2321 invalesceret
1486 2262 1604 2334 amplius
1623 2259 1694 2316 boni
1708 2259 1764 2314 mi-

92 2379 203 2419 suarum
219 2364 392 2431 intendebat,
407 2363 518 2435 qnando
533 2364 567 2418 ab
583 2361 793 2437 evangelizandi
808 2361 902 2420 officio
951 2358 1008 2415 litis
1025 2358 1123 2432 gratia,
1139 2357 1281 2414 suscitavit
1308 2363 1404 2412 contra
1424 2371 1489 2411 eum
1518 2355 1614 2411 bostes
1642 2359 1767 2410 armatos

91 2453 216 2508 vacabat.
243 2451 309 2508 Cum
324 2453 442 2525 quadam
468 2452 513 2508 die
529 2452 557 2507 iu
575 2452 695 2523 putanda
724 2451 806 2508 vinea
821 2450 901 2507 labo·
951 2452 1015 2508 dolo
1031 2451 1175 2521 injustitia,
1200 2448 1409 2523 insuperlultos
1432 2465 1488 2506 noa
1510 2447 1691 2507 mediocriter
1712 2461 1767 2502 sae-

93 2554 165 2601 raret
179 2561 241 2601 cum
268 2544 408 2611 iratribus,
435 2545 587 2616 depositam
604 2560 720 2615 cappam
736 2544 859 2615 reposuit
878 2545 906 2599 in
957 2539 1042 2596 calari
1054 2541 1188 2612 potentia.

93 2636 199 2704 abdito,
220 2642 250 2692 ut
265 2636 374 2708 operari
391 2643 484 2707 posset
506 2636 673 2707 expeditius.
697 2635 785 2691 Finito
811 2650 905 2708 opere,
1261 2629 1364 2686 caput
1382 2629 1461 2685 lvtt.

94 2745 159 2786 cum
180 2745 294 2801 cappam
319 2728 402 2784 vellet
422 2729 557 2800 recipere,
574 2729 708 2784 aviculam
729 2744 811 2799 quam
824 2728 906 2800 vulgo
993 2722 1106 2779 iiailoch
1123 2723 1246 2796 quidam,
1262 2724 1310 2797 qui
1334 2729 1462 2796 potenter
1490 2719 1705 2793 principabatur
1719 2717 1769 2774 toti

94 2819 241 2876 bitrionem
256 2824 366 2885 vocant,
384 2818 584 2888 invonitsuper
597 2833 657 2872 eam
677 2833 758 2873 ovum
779 2816 906 2889 posuisse
957 2819 1117 2885 Britanniae,
1141 2819 1298 2874 stimulatus
1318 2817 1451 2874 instinctu
1474 2815 1621 2871 diabolicae
1641 2815 1768 2882 malitiae,

93 2909 144 2974 Qui
171 2909 263 2964 sciens
290 2923 342 2962 uec
357 2906 472 2963 aviculis
494 2906 590 2961 deesse
615 2906 663 2961 llei
692 2905 904 2976 providentiam,
956 2911 1039 2983 eoepit
1052 2911 1193 2967 basilicam
1209 2910 1363 2977 destruere,
1393 2909 1588 2982 quambeatns
1616 2906 1768 2963 llaclovius

94 3003 198 3075 quippe
226 3018 341 3073 quarum
366 3001 442 3056 nulla
464 3001 526 3055 sine
547 3001 623 3055 Putre
647 3000 702 3056 ileo
725 2999 799 3055 cadit
822 3015 906 3071 super
956 3002 1118 3059 laudaverat
1133 3004 1161 3058 ia
1182 3003 1285 3075 praedio
1309 3019 1366 3058 suae
1389 3002 1537 3074 parochiae.
1557 3000 1604 3054 Vir
1622 2998 1672 3054 Dei
1691 3002 1767 3069 apud

95 3099 196 3146 terram
220 3091 327 3160 illeille.
351 3091 390 3160 x),
420 3088 524 3144 dimisit
543 3087 646 3143 ibidem
668 3104 783 3160 cappam
817 3087 906 3144 donec
955 3108 1037 3147 aures
1057 3092 1191 3163 principis
1219 3091 1317 3168 agebat
1344 3091 1470 3163 lacrymis
1500 3096 1527 3145 et
1558 3088 1701 3161 precibus,
1737 3094 1768 3143 ut

94 3179 906 3251 iotisovibus,pull0stemporeexcluderetavicula.lnqua
956 3181 1117 3256 dignaretur
1141 3181 1274 3237 desistere
1302 3197 1318 3236 a
1351 3180 1539 3236 destructione
1567 3178 1766 3236 ecclesiastieae

95 3289 125 3329 rc
139 3280 167 3328 et
182 3272 248 3327 illud
265 3272 394 3327 mirabile
409 3271 470 3338 luit,
491 3270 565 3344 quod
585 3278 688 3343 quanto
709 3280 833 3342 tempore
849 3271 906 3326 illic
956 3272 1064 3330 domus.
1089 3274 1142 3329 Sed
1167 3274 1212 3329 ille
1237 3271 1435 3344 efferatusper
1469 3277 1631 3343 conceptam
1664 3270 1770 3343 iniqui·

96 3362 291 3434 111ΡΡ111101111,
312 3362 388 3418 11111111
399 3361 492 3434 Pluvia
511 3361 585 3416 1111111
609 3361 730 3416 1110111111·
752 3361 828 3426 011011
844 3360 905 3433 ‘lui’
956 3369 1020 3426 tatis
1042 3369 1231 3437 insolentiam,
1254 3386 1310 3426 non
1331 3375 1438 3442 poterat
1466 3366 1586 3442 mitigari
1613 3367 1658 3423 vel
1680 3365 1770 3423 reice·

95 3472 206 3528 cunque
222 3454 380 3523 audierunt,
402 3455 429 3509 in
450 3456 506 3511 lleo
529 3455 656 3511 virtutem
675 3471 739 3511 cum
753 3455 902 3529 gratiarum
955 3460 1014 3516 nari
1029 3476 1078 3531 per
1092 3460 1212 3533 aliquam
1228 3459 1280 3532 piae
1295 3458 1493 3515 admonitionis
1511 3457 1640 3532 gratiam.
1668 3456 1770 3515 Contra

67 3600 70 3606 ,
99 3547 209 3602 actione
224 3544 481 3621 magnificaverunt,
512 3545 539 3600 in
560 3546 673 3602 homine
702 3546 750 3602 liei
770 3547 901 3618 pietatem
954 3552 1112 3622 hujusmodi
1140 3552 1280 3608 saecularis
1313 3550 1510 3608 dominationis
1543 3548 1710 3622 potentiam,
1734 3548 1770 3605 ad

96 3633 288 3715 laudaverunt.
957 3642 1100 3699 munimen
1114 3651 1141 3699 et
1156 3640 1357 3698 firmamentum
1371 3641 1424 3708 sni,
1450 3640 1536 3697 solam
1552 3639 1704 3696 ldaclovius
1723 3655 1770 3696 as·

408 3723 512 3780 CAPUT
524 3724 592 3779 XVI·
956 3732 1074 3803 sumpsit
1098 3732 1268 3803 patientiam.
1298 3731 1354 3786 Sed
1382 3730 1430 3803 qui
1458 3730 1492 3786 ad
1522 3746 1572 3786 nos
1600 3728 1699 3786 lideles
1728 3731 1769 3787 lo·

134 3818 164 3872 ln
187 3832 259 3890 pago
281 3815 358 3871 urbis
376 3816 489 3881 alethae,
517 3817 545 3871 in
565 3833 619 3888 qua
635 3818 784 3876 antistabat
805 3820 909 3877 Maelo·
959 3823 1055 3893 quitur
1076 3837 1126 3894 per
1151 3824 1317 3894 propbetas:
1348 3847 1361 3871 a
1391 3822 1441 3888 Qui
1470 3823 1557 3896 tangit
1581 3836 1651 3888 vos,
1679 3820 1769 3897 tangit

101 3908 164 3963 vius
184 3906 362 3975 venerabilis,
384 3903 467 3960 liliam
483 3907 603 3963 babebat
620 3909 781 3981 virquidam
797 3928 907 3983 prauo·
958 3913 1031 3970 oculi
1046 3914 1100 3970 mei
1127 3913 1261 3987 pupillam
1285 3914 1437 3986 (Zecb.1r);
1462 3934 1474 3965 a
1494 3921 1542 3969 et:
1568 3939 1580 3962 a
1598 3913 1663 3969 tlibi
1677 3913 1767 3970 vindi·

98 3993 175 4060 bilis,
192 4010 273 4066 quam
290 3994 486 4052 miserabiliter
500 3999 616 4056 vexabat
634 4000 779 4058 diabolicae
794 4003 909 4060 intesta·
958 4011 1040 4070 ctam,
1052 4011 1142 4079 elego
1157 4003 1310 4059 retribuam
1332 4003 1419 4075 (lleut.
1434 4001 1537 4075 xxxrr);
1563 4023 1576 4054 a
1602 4017 1658 4059 non
1683 4001 1768 4058 dimi·

100 4086 185 4142 tionis
210 4087 302 4157 passio
321 4087 514 4146 intolerabilis.
534 4090 635 4147 Omnes
655 4093 775 4150 enimse
799 4096 908 4152 contin·
958 4092 993 4148 sit
1021 4093 1133 4149 inultam
1150 4109 1304 4165 pauperum
1323 4109 1440 4150 suorum
1465 4091 1611 4163 injuriam:
1639 4098 1668 4147 et
1697 4091 1768 4150 sicut
1804 4157 1806 4160 Α

99 4187 198 4252 gentes
227 4179 390 4236 attrectabat
422 4179 571 4251 morsibus,
601 4200 652 4240 nec
680 4185 748 4257 ipsis
776 4188 906 4258 parcebat
956 4184 1068 4241 Saulum
1096 4185 1314 4242 recalcitrantem
1335 4187 1471 4258 percussit
1489 4185 1618 4241 triduana
1641 4184 1768 4241 caeeitate

99 4272 269 4345 parentibus.
284 4274 340 4331 Nec
360 4275 505 4347 comprimi
520 4284 567 4332 ant
581 4278 672 4334 sedari
695 4289 803 4351 poterat
824 4283 905 4351 hujus
956 4281 1026 4351 (Act.
1056 4280 1104 4353 rx),
1134 4287 1164 4337 ut
1192 4289 1289 4353 postea
1317 4288 1404 4337 totum
1430 4281 1562 4337 mundum
1593 4279 1770 4336 illuminaret

98 4367 177 4425 malae
203 4368 370 4426 valetudinis
397 4370 584 4436 vehementia,
614 4372 666 4429 nisi
688 4372 786 4430 ierreis
801 4368 1059 4438 catenisDaeterna
1074 4373 1213 4430 claritate:
1229 4375 1365 4446 percussit
1386 4381 1413 4430 et
1440 4375 1514 4430 hunc
1540 4374 1688 4446 temporali
1713 4389 1769 4430 cae·

98 4467 252 4517 arctaretur
266 4471 318 4516 tam
335 4460 465 4516 immanis
477 4461 596 4520 insania.
617 4463 697 4521 Pater
710 4467 788 4535 enjus
802 4467 907 4534 animo,
958 4465 1053 4534 citate,
1075 4473 1105 4522 ut
1127 4483 1178 4538 per
1209 4467 1336 4523 tenebras
1359 4466 1529 4523 transitorias
1555 4466 1724 4523 liberaretur
1752 4483 1769 4522 a

99 4550 155 4607 lilia
167 4558 329 4627 egrotante,
343 4551 412 4607 nibil
423 4559 529 4624 poterat
543 4569 605 4611 esse
617 4555 784 4626 jncundum,
800 4559 834 4613 ad
849 4574 908 4614 me·
957 4563 1132 4628 peecatomm
1147 4559 1324 4614 obscuritate.
1347 4558 1478 4630 Exemplo
1507 4558 1541 4613 ad
1557 4573 1606 4614 eor
1627 4575 1768 4628 reversus,

100 4642 221 4699 dendum
237 4643 302 4700 filiae
316 4659 372 4699 sure
387 4643 495 4701 felicem
516 4645 613 4703 invitat
629 4647 801 4717 maclovium,
825 4667 906 4722 quem
957 4657 986 4706 et
998 4650 1171 4723 poeuitudine
1186 4649 1358 4722 praecordiali
1374 4655 1567 4721 compunctus,
1588 4649 1622 4705 ad
1636 4649 1769 4707 satisfac-

97 4735 301 4791 olimaudierat
320 4736 348 4790 in
374 4737 546 4794 curationum
574 4737 697 4796 eilicaoia
722 4756 785 4797 esse
804 4742 908 4816 glorio·
957 4741 1086 4798 ciendum
1111 4742 1273 4814 episcopum
1302 4741 1422 4797 cucurrit
1442 4739 1617 4813 quantocius,
1638 4756 1670 4796 se
1689 4756 1769 4797 reum

99 4844 172 4884 sum.
193 4829 250 4884 Nec
269 4827 361 4884 differt
386 4828 433 4885 ille
457 4831 689 4901 misericordiam,
709 4834 758 4890 sed
790 4836 907 4892 eredens
957 4849 1018 4890 esse
1045 4840 1186 4907 potestans
1216 4833 1317 4888 amaris
1347 4832 1469 4892 lletibus.
1490 4848 1520 4887 se
1552 4832 1652 4888 merito
1679 4848 1771 4889 excae·

12 4918 17 4926 “
99 4919 261 4993 quiefaetle
276 4927 320 4975 est
344 4921 399 4977 beo
424 4929 554 4993 prestare
573 4923 693 4981 fideliter
713 4929 817 4998 peremi
847 4945 907 4986 me·
958 4930 1047 4979 catum
1068 4938 1129 4979 esse
1160 4921 1296 4979 confitens
1327 4921 1489 4993 lacrymosis
1521 4920 1678 4993 questibus·
1706 4921 1769 4991 tue,

98 5012 200 5079 delam,
217 5011 666 5087 pergitadpuellamzetvolens
690 5017 834 5074 diabolica,
850 5036 907 5076 ma.
958 5011 1006 5083 qui
1028 5011 1199 5066 didicerata
1225 5010 1487 5083 magistrosummae
1519 5008 1663 5078 bonitatis,
1683 5008 1769 5065 etiam

99 5100 164 5157 litiae
177 5101 361 5173 comprimere
377 5102 482 5170 dolum,
503 5104 644 5161 sudarium
657 5121 736 5161 snum
753 5108 869 5178 proiecit
880 5110 908 5165 in
958 5104 1081 5160 inimicis
1107 5121 1167 5161 esse
1191 5104 1433 5173 benefaciendum,
1454 5113 1482 5160 et
1500 5120 1551 5176 pro
1572 5101 1770 5177 persequenti·

100 5187 218 5247 furentis
234 5189 335 5262 puellae
350 5191 461 5246 collum.
481 5192 557 5247 Tunc
577 5209 642 5251 vero
655 5195 792 5266 potuisses
805 5199 902 5254 audire
954 5197 1006 5253 bus
1025 5205 1053 5253 et
1074 5196 1308 5253 calumniantibus
1330 5212 1381 5253 nos
1415 5213 1477 5252 esse
1504 5196 1640 5253 orandum
1659 5196 1769 5269 (lllottlt.

98 5280 247 5338 horribiles
271 5282 347 5339 vices
360 5282 530 5352 daemonum,
544 5300 625 5343 servo
639 5288 687 5344 llei
704 5290 732 5345 in
747 5291 809 5347 lraec
822 5293 906 5351 verba
955 5289 992 5360 v),
1009 5290 1064 5346 cito
1076 5298 1103 5347 et
1117 5288 1334 5345 misericorditer
1353 5289 1468 5346 indulsit
1484 5288 1632 5360 poenitenti
1647 5296 1768 5346 reatum.

98 5370 341 5440 exprobrantium:
364 5389 377 5421 a
398 5371 725 5442 Otransmarineineola,
741 5394 796 5434 non
817 5382 906 5451 potuit
957 5381 997 5450 Et,
1012 5382 1162 5454 providens
1185 5381 1210 5437 ei
1232 5381 1378 5454 utriusque
1401 5381 1522 5437 hominis
1547 5380 1680 5452 salutem,
1695 5397 1771 5455 aque

98 5465 130 5553 te¹
152 5462 291 5517 sustinere
314 5462 402 5532 patria
431 5469 488 5532 tua,
508 5465 555 5537 qui
575 5467 675 5523 venisti
701 5469 754 5525 bare
780 5487 905 5543 qnaerere
956 5468 1104 5526 benedicta
1125 5486 1189 5528 eum
1213 5469 1346 5541 pertudit,
1372 5477 1400 5524 et
1419 5468 1481 5525 oleo
1503 5485 1582 5526 sacro
1595 5471 1694 5527 oculos
1707 5471 1771 5542 eius

96 5542 196 5608 11111111,
213 5552 309 5648 einos
323 5549 463 5620 expellere
477 5552 512 5608 de
528 5553 641 5626 regione
662 5562 792 5611 nostra.»
813 5559 904 5615 bisci·
957 5565 1093 5636 perunxit,
1110 5572 1138 5622 et
1152 5565 1189 5622 ita
1213 5566 1238 5623 ei
1263 5565 1412 5638 pristinum
1440 5564 1529 5621 visum
1554 5566 1690 5635 restituit,
1720 5581 1771 5640 pro

97 5627 178 5699 pulua
190 5633 299 5705 curasti,
324 5639 503 5711 vilipendeus
519 5644 577 5700 hac
607 5644 711 5702 inimici
728 5647 905 5723 improperia,
957 5653 1077 5712 admissa
1087 5660 1179 5712 tamen
1195 5655 1350 5713 temeritate
1364 5666 1515 5727 congruum
1531 5653 1692 5725 penitendi
1708 5669 1772 5713 mo·
