3720 6014
94 188 148 245 663
704 187 878 246 statuenti
899 189 1154 246 athanacensis.
1720 183 1775 242 dot

94 321 219 380 etoldum
233 327 262 379 et
275 325 393 377 matrem
405 319 568 396 osburgam,
585 336 682 378 omnes
696 321 743 395 qui
755 321 840 392 hujus
852 337 903 379 an·
913 327 942 398 Α
952 332 1006 381 cet.
1023 323 1166 397 Siquidem
1182 323 1311 379 fratribus
1337 321 1398 392 ejus
1413 318 1448 375 de
1463 315 1780 390 carnatisposteritntis
1797 346 1802 355 ι

94 409 363 484 tiquitatisretinent
386 408 526 476 notitiam,
548 411 669 466 latentur
694 412 804 485 longam
830 410 901 467 anti·
953 424 1089 487 proventu
1105 415 1304 490 cogitantibus,
1331 413 1408 470 solus
1428 416 1529 467 sanctae
1554 409 1700 466 memoriae
1714 407 1776 464 wt-

92 516 154 574 quoe
181 499 334 557 nobilitatis
360 501 396 536 ⁸⁰⁹
423 500 539 581 traxisse
567 501 679 558 lineam.
710 502 796 560 Perre
815 509 904 560 mater
951 501 1773 581 cbertns⁸¹⁹spiritualisgenerationisheredessuspirabat;

91 591 284 667 ejusOsburga
297 591 414 648 abutens
431 592 466 628 ⁸¹⁰
489 592 642 664 apostolica
658 593 832 667 induigentia
847 611 903 668 qua
951 597 1024 656 bene
1038 599 1162 655 monitus
1176 599 1211 654 ab
1223 599 1368 670 apostolo:
1385 599 1435 662 Qui
1448 600 1507 653 sine
1520 610 1603 652 treme
1614 600 1654 650 cst
1668 597 1773 664 copitar

91 682 205 740 dicitur:
221 683 313 740 Melius
331 684 584 754 menumquam
613 686 659 742 uri
678 687 703 757 (l
720 691 777 744 Cor.
800 703 847 755 un,
862 686 900 756 9),
951 704 1011 759 quo
1033 691 1141 744 Domini
1154 695 1234 756 ‚suut
1255 687 1382 758 quomedo
1408 687 1514 756 placeat
1530 690 1578 741 beo
1602 685 1624 754 [t
1637 688 1687 738 Ger
1720 686 1768 739 ιη’

91 783 279 850 postmortem
293 777 394 851 prieris
408 779 440 814 ⁸¹¹
456 778 545 836 mariti
558 779 675 837 Lieteldi
689 781 723 836 de
737 796 793 853 quo
805 797 902 838 susce-
951 782 1005 849 32).
1019 781 1084 839 ldeo
1096 782 1131 838 de
1143 781 1310 855 patrimonio
1325 797 1376 837 sno
1388 797 1443 837 non
1458 781 1577 853 quesivit
1588 779 1710 835 carnalis
1720 793 1771 835 co-
1813 812 1817 823 ·

90 869 313 943 peratdemnum
327 870 900 946 WicbertumetRenuidemejusgerma·
951 872 1021 944 polae
1034 888 1164 944 sponsam
1188 873 1294 938 dotare,
1310 873 1359 928 sed
1376 877 1490 927 matrem
1506 887 1583 926 suam
1603 869 1768 925 aecclesiam
1803 896 1806 901 ·

11 950 15 954 ¹
91 979 166 1032 nam,
196 961 262 1020 dum
280 961 407 1038 gaudens
426 962 585 1037 poligamia,
613 964 728 1021 secundi
761 964 845 1030 tertii,
874 972 903 1020 et
951 963 1034 1020 unice
1046 963 1144 1021 affectu
1159 965 1258 1033 ditare,
1272 982 1333 1037 quae
1346 964 1463 1019 sibinen
1478 960 1664 1018 fratresbreui
1678 961 1770 1017 victu-
1805 1016 1809 1023 ,

89 1053 173 1112 etiam
189 1053 279 1128 quarti
297 1053 389 1111 mariti
405 1069 461 1110 non
478 1053 581 1111 refutat
599 1055 737 1128 copulam,
759 1071 792 1110 eu
808 1054 902 1111 multis
952 1069 996 1110 ros
1011 1053 1099 1109 aleret
1115 1054 1199 1110 imme
1211 1054 1333 1110 coelestis
1350 1051 1605 1124 tiliatienisprelem
1621 1066 1767 1123 nunquam
1803 1074 1808 1103 ;

90 1143 198 1200 maritis
222 1141 329 1215 prolem
347 1143 444 1218 genuit
465 1158 651 1207 numerosam,
671 1143 810 1199 llellinum
826 1143 902 1200 scili·
951 1143 1111 1197 merituram
1127 1152 1251 1218 augeret,
1267 1159 1350 1215 quam
1377 1158 1429 1198 nec
1445 1158 1507 1198 cum
1532 1140 1630 1197 dolere
1643 1145 1767 1213 pareret,
1805 1166 1812 1218 3

91 1242 144 1305 cet,
160 1232 316 1292 oilbaldum
330 1233 377 1303 ⁸¹¹,
397 1233 596 1312 Reginardum,
613 1234 729 1302 bodam,
745 1240 839 1306 preter
853 1248 901 1290 eos
951 1234 1548 1306 nnecumdoloreamttteret,sedquaeum
1560 1232 1766 1308 aeternaligan-
1804 1239 1811 1305 j

89 1342 208 1400 quorum
223 1326 336 1384 nemina
356 1325 527 1383 oblitteravit
550 1325 663 1382 oblivio,
681 1325 802 1393 Quorum
817 1326 900 1401 longe
951 1322 996 1378 dio
1007 1320 1065 1378 filio
1080 1324 1128 1379 bei
1148 1323 1359 1381 cohereditaret.
1379 1323 1514 1378 llilitabat
1528 1321 1640 1378 interim
1656 1321 1767 1378 mundo

88 1419 201 1490 lateque
219 1415 373 1489 pullulante
389 1416 530 1489 prosapia,
544 1432 574 1474 se
593 1432 677 1488 pene
691 1424 776 1474 tetam
796 1417 898 1489 repleri
950 1415 1136 1487 specietenus,
1152 1415 1201 1470 sed
1228 1424 1360 1487 quantum
1384 1415 1542 1487 patiebatur
1563 1415 1644 1483 hujus
1659 1413 1768 1491 negotii
1798 1464 1801 1469 .

87 1516 116 1565 et
129 1506 271 1565 nobilitari
281 1504 383 1580 gaudet
393 1505 579 1581 lotharingia.
595 1505 739 1578 Siquidem
754 1523 787 1562 ex
802 1523 898 1579 prosa·
949 1521 1025 1571 usus,
1046 1521 1061 1560 a
1090 1506 1193 1561 militiae
1207 1506 1279 1562 vitus
1296 1514 1354 1561 erat
1369 1514 1527 1561 extranens.
1546 1505 1578 1560 lit
1603 1520 1640 1560 ne
1655 1519 1766 1560 curram

88 1599 141 1671 piae
159 1597 355 1655 numerositate
374 1597 548 1653 accrescebat
561 1597 712 1667 {potestatis
727 1598 895 1654 eminentiai
950 1612 999 1664 per
1013 1595 1122 1670 singula
1133 1595 1261 1652 vitiorum
1286 1612 1389 1669 genera
1403 1595 1528 1668 aquibus
1543 1594 1600 1650 beo
1614 1594 1767 1651 auxiliante

88 1703 121 1743 ex
135 1685 343 1758 possessionum
358 1685 560 1757 multiplicitate
575 1701 666 1742 rerum
681 1685 812 1742 affluebat
825 1702 893 1758 opu·
907 1658 933 1726 Β
945 1687 1059 1756 destitit,
1077 1697 1123 1744 aut
1142 1705 1193 1760 per
1206 1689 1314 1763 singula
1336 1689 1465 1744 virtutum
1481 1686 1573 1743 officia
1588 1686 1693 1759 quibus
1720 1687 1767 1742 di·

89 1779 184 1848 lentis,
200 1795 250 1852 per
263 1794 332 1852 quas
346 1779 479 1836 cumulari
493 1779 528 1815 ⁸¹³
548 1788 575 1836 et
590 1780 704 1852 provehi
719 1780 789 1838 solet
810 1797 895 1837 mun·
947 1781 1064 1856 ligenter
1093 1782 1208 1838 institit:
1239 1785 1291 1839 hoc
1309 1783 1337 1838 in
1357 1799 1391 1838 eo
1415 1782 1527 1857 egregie
1548 1789 1641 1853 preter
1664 1788 1767 1838 caetera
1811 1808 1814 1812 .

89 1871 335 1929 danaenobilitatis
362 1870 497 1944 potentia.
518 1871 574 1929 Hoc
595 1872 731 1928 tamenin
746 1889 826 1930 seruo
847 1875 896 1931 liei
945 1876 1085 1933 landabile
1101 1878 1161 1945 fuit,
1187 1878 1338 1951 quodcum
1367 1877 1450 1948 liujus
1473 1877 1584 1951 generis
1600 1874 1766 1932 hominibus
1811 1914 1818 1929 .

90 1967 183 2023 nullus
196 1965 279 2023 ducat
291 1965 359 2022 satis
382 1964 570 2037 praedicabile,
586 1981 648 2023 cum
667 1967 821 2025 secundum
842 1968 894 2024 do·
947 1965 1082 2022 familiare
1102 1967 1137 2022 sit
1161 1984 1205 2022 res
1225 1967 1331 2022 alienas
1351 1973 1377 2021 et
1405 1966 1521 2021 niaxime
1551 1981 1707 2038 pauperum
1737 1971 1765 2021 et

89 2061 400 2119 minicamvocemnorr
418 2062 448 2116 iu
466 2061 639 2118 abundantio
658 2067 821 2135 cujusquam
838 2067 895 2120 vitu
946 2056 1132 2112 ecclesiarum
1159 2057 1206 2111 liei
1236 2056 1389 2111 insolenter
1411 2070 1525 2126 rapere,
1551 2054 1596 2110 hie
1629 2054 1758 2126 profecto
1813 2108 1817 2114 ,

88 2154 147 2222 ejus
160 2150 194 2186 ⁸¹⁴
209 2155 249 2206 est
261 2150 340 2205 mltis
354 2149 614 2219 qutepossidettdue.
629 2168 677 2220 xri,
692 2153 747 2220 let,
761 2159 896 2208 etsecun-
947 2145 1064 2199 nescirit
1080 2144 1170 2199 aliona
1186 2144 1321 2199 violenter
1337 2144 1468 2214 diripere,
1489 2143 1536 2214 qui
1553 2158 1603 2196 sua
1618 2148 1673 2196 tam
1691 2142 1764 2197 hila·
1812 2180 1816 2191 .

88 2235 405 2309 dumapostolnm,uon
428 2243 466 2293 ast
484 2254 663 2308 personarum
686 2245 801 2312 acceptio
825 2244 898 2313 opud
947 2232 1191 2304 riterpanperilsus
1202 2231 1481 2295 ettecclesiisfhristi
1497 2232 1573 2287 novit
1584 2230 1765 2288 distribuere.
1813 2286 1816 2291 .

89 2333 172 2384 deum
186 2327 250 2398 (cot.
266 2345 306 2396 nr,
324 2328 381 2399 est.
398 2327 452 2383 Sed
473 2329 525 2385 hoc
538 2329 566 2385 in
588 2346 621 2387 co
637 2329 721 2386 nimis
737 2332 821 2388 debet
836 2349 897 2388 csse
983 2320 1010 2375 3·
1025 2321 1172 2392 p⁰⁸lll1¹am
1187 2336 1253 2393 &8⁰
1268 2320 1315 2374 diu
1332 2319 1383 2375 ⁸⁰¹³
1400 2320 1518 2375 ⁰¹³fflld0
1536 2318 1664 2375 m¹li¹³fi⁸
1679 2320 1765 2376 habi·
1813 2338 1817 2345 '

88 2419 321 2484 commendabile,
347 2418 412 2490 quia
438 2434 501 2476 cum
528 2420 636 2478 Veritas
661 2422 746 2479 dicat:
782 2426 897 2481 Facilius
951 2419 994 2468 lus
1014 2412 1101 2480 illuit,
1116 2411 1180 2484 (luia
1195 2413 1306 2467 lucerna
1321 2412 1372 2466 sub
1384 2412 1478 2479 ¹1¹0d50
1494 2411 1583 2482 filista
1598 2411 1705 2467 diustius
1719 2411 1762 2468 ¹⁸·
1815 2442 1821 2477 r

88 2517 126 2567 cst
145 2512 900 2586 cumelumpersorumeuocustrunsirequumdiutom
949 2514 1006 2565 tere
1030 2524 1085 2564 non
1107 2509 1215 2575 debuit,
1245 2509 1349 2564 nedum
1375 2515 1402 2564 et
1424 2507 1656 2580 impedimentum
1674 2507 1764 2564 divini
1806 2519 1824 2571 Δ,

88 2605 253 2671 inrepnum
274 2601 399 2658 crebrum
423 2605 529 2659 intrare
555 2604 660 2675 (ductu.
693 2622 748 2674 arr,
776 2608 834 2680 dl),
855 2608 900 2665 hie
948 2598 1767 2672 servitiiasequautotiusdisselrit,etmiliciaesecularis
1819 2666 1823 2673 ⁵

88 2698 219 2766 tanquam
244 2691 320 2767 gibbi
347 2693 455 2749 sarcina
478 2711 563 2766 super
589 2700 760 2755 excrescenti
781 2708 898 2757 tori-unffi
950 2691 1093 2766 cingulum
1108 2692 1246 2764 deposuit.
1266 2691 1700 2747 ltamu,..diretcranusterrcnae
1710 2691 1764 2746 mi·
1820 2694 1825 2725 2'

89 2783 240 2840 nobilitatis
256 2791 284 2839 et
303 2782 441 2839 facultatis
455 2783 582 2854 deposito
608 2793 726 2854 tumore,
743 2789 795 2845 hec
811 2789 901 2846 hemi·
951 2784 1018 2839 litiae
1033 2783 1101 2839 rude
1116 2784 1244 2851 (leuatus,
1261 2784 1344 2854 coepit
1363 2799 1424 2838 esse
1443 2798 1531 2839 novus
1549 2781 1647 2837 Christi
1664 2791 1763 2854 tyren·
1819 2784 1824 2827 t

88 2888 154 2928 num
169 2870 341 2946 impossibile
357 2887 408 2944 per
432 2887 547 2944 pronam
573 2874 658 2930 animi
671 2877 840 2933 voluntatem
857 2894 899 2935 re·
950 2870 1039 2939 culus,
1056 2878 1084 2926 et
1104 2871 1239 2947 longevus
1259 2872 1355 2926 mundi
1378 2887 1474 2927 servus
1490 2887 1539 2941 per
1549 2871 1700 2926 vindictam
1719 2871 1767 2927 di·
1822 2893 1826 2927 :

89 2964 166 3040 degit
179 2965 214 3019 ad
230 2963 375 3036 possibile.
413 2978 416 2983 ·
949 2963 1020 3017 vinae
1036 2962 1170 3017 libertatis
1189 2962 1277 3017 factus
1291 2978 1369 3028 suus,
1384 2960 1498 3017 effectus
1514 2970 1556 3016 est
1571 2961 1620 3016 Dei
1633 2960 1763 3030 libertus,
1823 2970 1826 2977 ’

124 3058 152 3113 9,
167 3057 201 3095 ιιι
216 3057 265 3114 pic
279 3071 346 3131 ergo
358 3056 448 3129 justus
475 3056 614 3130 plantatus
640 3068 668 3116 (ιι
683 3059 748 3117 fidet
770 3061 898 3121 firmitate
913 3026 1034 3128 Cigitur
1049 3061 1110 3126 post
1131 3054 1318 3111 multiformes
1333 3056 1465 3126 spaciosae
1485 3055 1535 3112 viae
1559 3054 1708 3112 amfractus
1726 3055 1765 3111 sd

88 3148 227 3206 radicatus
239 3148 268 3205 in
280 3145 363 3205 deme
377 3148 498 3219 Domini,
509 3150 567 3223 jam
587 3150 682 3208 indca
699 3155 802 3210 teneris
817 3158 899 3214 annis
949 3154 1095 3220 angustam
1108 3147 1173 3202 Vilffi
1189 3155 1295 3218 limiam
1312 3147 1442 3215 difficlis,
1472 3159 1502 3202 ut
1522 3154 1646 3203 canitiei
1665 3147 1761 3203 ssudtffi

88 3237 315 3295 floresuirtutum
337 3237 464 3296 emittere
485 3240 570 3312 eoepit
585 3240 613 3296 in
635 3242 713 3299 atriis
734 3244 833 3301 domus
850 3248 898 3304 pst
948 3237 1036 3292 uiator
1057 3251 1148 3292 eoram
1176 3237 1258 3307 liujus
1282 3236 1379 3291 mundi
1402 3235 1568 3304 latronibus,
1593 3234 1762 3292 deliberavit
1821 3284 1824 3291 .

39 3371 42 3375 .
89 3328 193 3396 nostri3
221 3328 349 3385 eminens
379 3336 409 3385 ut
431 3328 522 3401 palma
550 3330 695 3389 altitudine
724 3335 897 3404 nobilitatis,
948 3328 1177 3385 etiamacunctis
1188 3330 1292 3386 nocivae
1305 3331 1532 3402 possessionissc
1546 3330 1677 3402 expedire
1693 3345 1762 3388 ona
1821 3352 1826 3359 ·

88 3428 174 3493 utque
203 3420 302 3476 cedrus
339 3420 433 3476 Libani
466 3421 696 3494 multiplicandus
724 3427 896 3483 suaveolenti
948 3420 1026 3475 ribus
1056 3421 1095 3477 Νθ
1115 3421 1538 3497 e¹¹i¹¹¹l³⁰⁸ll¹¹0¹¹³s¹¹legalium
1560 3429 1763 3493 lsaeffllwfflm
1821 3472 1824 3476 -

86 3510 213 3568 ubertate
232 3511 395 3569 sanctitatis.
411 3512 444 3569 llt
463 3520 607 3587 postquam
627 3515 662 3571 de
682 3516 796 3573 floribus
814 3519 896 3576 bonae
925 3504 927 3508 ’
948 3512 1153 3568 observantiam
1169 3512 1279 3567 cumulo
1293 3528 1350 3567 suas
1369 3511 1556 3585 perfectionis¹
1568 3513 1678 3568 deesset
1693 3512 1765 3568 illud
1815 3516 1826 3565 .'

88 3604 148 3673 ejus
163 3602 264 3659 indolis
291 3602 468 3676 pulchritudo
490 3611 518 3659 et
533 3605 626 3660 suavis
640 3606 710 3663 oder
736 3607 847 3681 pietatis
865 3626 896 3666 se
946 3620 1031 3659 unuin
1046 3605 1192 3660 dominicae
1205 3605 1367 3660 sententiae:
1384 3605 1451 3659 t'ude
1463 3611 1488 3659 et
1499 3606 1581 3660 cende
1596 3607 1686 3661 omniu
1699 3621 1762 3676 quoe

88 3694 171 3768 longe
186 3694 295 3766 lateque
310 3691 417 3761 effudit,
433 3701 461 3749 et
486 3700 611 3767 tempore
627 3697 707 3766 primi
723 3698 758 3733 ⁸¹⁶
774 3698 894 3756 lleinrici
946 3699 1026 3755 hubas
1040 3707 1066 3755 et
1078 3701 1113 3754 etri
1126 3699 1289 3769 pauperibus
1310 3705 1335 3754 et
1349 3702 1412 3753 ueni
1425 3714 1533 3769 sequere
1549 3714 1600 3766 nse,
1615 3704 1640 3753 ct
1652 3699 1764 3754 hebebis

87 3784 202 3859 gloriosi
216 3790 245 3840 et
259 3783 400 3841 victoriosi
413 3783 487 3858 regis
502 3783 530 3839 in
541 3783 678 3842 fructuum
693 3802 817 3861 gemmas
832 3805 896 3844 ern·
947 3792 1103 3844 tiresuuruur
1124 3792 1155 3843 iu
1177 3790 1239 3843 celo
1259 3789 1362 3858 (Metti.
1378 3803 1433 3853 xix,
1459 3787 1520 3858 ill:
1538 3786 1584 3842 hic
1596 3786 1691 3842 omnia
1711 3803 1764 3843 sua

88 3877 139 3948 pit,
154 3874 263 3932 tandem
280 3874 353 3930 circa
368 3882 493 3945 tempera
508 3874 616 3932 Ottonis
635 3877 718 3948 primi
731 3880 809 3949 quasi
824 3881 896 3937 oliva
945 3896 1000 3936 non
1016 3881 1128 3953 quidem
1152 3880 1287 3946 uendidit,
1303 3879 1353 3934 sed
1369 3877 1443 3934 tideli
1458 3879 1578 3935 debitori
1598 3877 1707 3934 christe
1724 3879 1761 3934 ad
1806 3910 1809 3917 ·

87 3966 229 4024 fructifera
240 3966 268 4020 in
278 3965 360 4021 demo
376 3966 484 4022 llomini
499 3965 617 4023 ubertim
633 3976 819 4026 maturescere
837 3987 893 4029 coe-
944 3990 1056 4029 usuram
1072 3972 1249 4028 commodare
1262 3971 1379 4038 studuit,
1395 3969 1522 4045 gaudens
1540 3971 1616 4043 qued
1633 3970 1695 4040 ejus
1715 3970 1761 4027 fc·

88 4063 139 4135 pit.
161 4058 254 4126 Qualis
269 4065 360 4114 autem
375 4074 425 4129 per
439 4059 527 4129 prima
541 4061 629 4115 aetatis
641 4061 811 4118 incrementa
833 4065 894 4134 ejus
944 4074 1055 4119 neruter
1067 4063 1205 4129 existeret,
1222 4062 1257 4117 de
1282 4076 1337 4134 qno
1352 4076 1407 4116 non
1428 4060 1536 4115 dubitet
1556 4060 1622 4132 quin
1637 4057 1760 4117 fideliter

88 4153 143 4210 rita
157 4151 250 4220 fuerit,
267 4166 322 4207 non
337 4156 378 4205 est
391 4149 597 4206 discutiendum
608 4152 690 4209 nobis
700 4151 744 4207 ⁸¹⁷.
761 4154 827 4210 Nam
842 4171 893 4210 su·
944 4152 996 4209 sibi
1011 4168 1121 4207 usuram
1136 4151 1171 4186 ⁸²⁰
1185 4150 1314 4207 solveret.
1332 4149 1365 4205 Ut
1378 4149 1452 4205 enim
1473 4157 1546 4204 esset
1559 4164 1631 4203 unns
1646 4136 1758 4204 illo'rurn

88 4241 195 4316 perfluo
211 4240 245 4296 dc
260 4240 360 4296 urbere
374 4239 508 4312 queritur
519 4240 609 4313 qualis
620 4241 655 4297 sit
670 4242 745 4297 radix
756 4245 816 4314 eius
832 4261 893 4317 quae
945 4244 1093 4316 dequibus
1112 4241 1254 4312 apostolus
1270 4240 1352 4296 dicit:
1378 4246 1511 4308 tunquam
1530 4238 1606 4306 {utne
1631 4239 1763 4296 hebentes

87 4332 153 4400 latet
175 4331 260 4386 lrumo
290 4328 398 4395 obruta,
421 4344 482 4384 cnm
512 4344 545 4383 ex
571 4330 631 4386 sole
664 4347 763 4402 sapere
790 4333 895 4390 fructus
944 4344 969 4392 et
988 4340 1081 4393 eruuiu
1105 4335 1267 4405 possidentes
1299 4331 1336 4403 (lt
1354 4336 1410 4386 Cer.
1439 4346 1477 4396 ur,
1494 4328 1548 4400 tut,
1573 4328 1683 4385 uolebat
1709 4347 1761 4386 sua

86 4427 269 4497 cognoscatur
283 4420 389 4476 arboris
404 4426 512 4475 natura.
538 4420 666 4477 Veritatis
680 4422 762 4478 ctiam
776 4424 811 4460 ⁸¹⁸
827 4441 894 4483 voce
906 4381 933 4449 D
946 4427 1058 4490 habere,
1079 4433 1105 4482 et
1120 4442 1176 4481 oon
1200 4425 1313 4479 haltere.
1335 4423 1443 4477 llnhere
1463 4420 1536 4476 bene
1556 4420 1760 4490 dispensando,

87 4518 204 4575 dicitnr:
219 4522 377 4588 Uuuqneque
391 4517 472 4573 orbor
487 4531 522 4573 ec
534 4518 629 4585 fructu
648 4535 697 4576 suo
714 4524 893 4590 copuoscttur,
942 4537 1000 4578 non
1016 4520 1119 4576 linbere
1138 4535 1219 4575 avare
1241 4515 1440 4572 conservande.
1463 4512 1563 4568 Fidelis
1583 4529 1705 4584 namque
1727 4521 1758 4570 et

86 4613 143 4664 Nou
167 4605 283 4662 enimde
304 4608 389 4676 spinis
415 4605 544 4676 colliqueret
562 4608 640 4676 ficus,
668 4624 754 4678 neque
781 4611 894 4668 derude
944 4611 1068 4683 prudens
1094 4625 1190 4665 servus
1216 4605 1383 4662 constitutus
1403 4619 1418 4657 a
1437 4602 1554 4658 Domino
1576 4600 1760 4673 superlumi-

86 4703 254 4758 vindemient
277 4716 360 4756 urum
375 4702 448 4772 (huc.
471 4718 508 4768 vr,
523 4702 578 4775 tt).
604 4703 667 4760 llaec
680 4720 746 4779 ergo
767 4703 849 4762 arbor
864 4707 892 4762 in
943 4705 1008 4760 liam
1023 4719 1112 4768 suam,
1128 4708 1182 4757 tam
1200 4698 1313 4771 provide
1327 4704 1355 4752 et
1365 4696 1474 4751 lucrose
1487 4694 1588 4769 sategit
1602 4694 1696 4751 locare
1708 4710 1761 4767 pe·

87 4807 153 4870 agro
167 4791 274 4849 bomini
287 4792 418 4864 plantata,
430 4810 481 4850 nec
495 4795 586 4867 spina,
607 4811 658 4852 nee
674 4796 760 4852 rubus
775 4797 837 4870 fuit,
859 4799 894 4857 de
945 4795 1009 4851 culii
1025 4793 1068 4848 sui
1087 4806 1233 4857 summum,
1249 4798 1280 4842 ut
1293 4803 1355 4841 cum
1376 4784 1444 4839 nihil
1461 4783 1516 4838 sibi
1528 4782 1562 4837 de
1582 4799 1692 4838 summa
1707 4785 1761 4840 dc-

17 4924 19 4929 .
86 4902 142 4959 qna
159 4883 235 4941 nulla
255 4884 413 4955 punctionis
433 4887 577 4959 asperitas,
598 4889 674 4945 nulle
704 4891 896 4949 amaritudinis
945 4891 1091 4950 crtsssseteh
1115 4876 1291 4935 d0m⁰l⁰⁰d⁰
1315 4882 1408 4930 limen
1431 4871 1536 4929 sssssOliS
1552 4872 1757 4942 sufflllussexi·

86 4974 377 5047 acerbitasproccssit,
388 4977 437 5031 sed
448 4984 524 5034 tanta
536 4979 654 5037 dulcedo
663 4978 768 5037 fructus
778 4982 894 5052 effluxit,
944 4982 1042 5040 meret,
1063 4973 1136 5030 unde
1148 4969 1289 5027 conservis
1304 4966 1362 5023 suis
1384 4966 1412 5021 in
1431 4971 1556 5035 tempore
1573 4964 1657 5019 tritici
1673 4980 1760 5020 men-

86 5072 116 5122 ut
129 5070 281 5138 proventus
290 5064 351 5135 ejus
360 5065 444 5121 etiam
458 5082 532 5123 nnnc
546 5067 574 5122 in
584 5069 710 5126 aecclesia
724 5070 771 5126 liei
783 5071 896 5128 fructifi-
945 5084 1037 5125 suram
1058 5072 1196 5140 erogaret.
1214 5061 1283 5128 Quid
1298 5060 1371 5116 enim
1387 5057 1527 5115 lucrosius
1543 5056 1617 5111 fideli
1634 5058 1760 5115 echene-

756 5203 869 5260 lellAE
888 5201 1079 5262 Lectiones

122 5323 156 5361 ⁸⁰⁹
171 5340 200 5381 n.
215 5341 312 5402 regum
324 5327 471 5385 dustrasiae
481 5332 503 5384 t.
520 5331 598 5386 liich.
617 5332 780 5404 Wcsseburp
797 5338 909 5408 anuqq.
932 5336 1029 5394 Gallie
1044 5334 1157 5401 Belpicae
1170 5332 1218 5387 tib.
1235 5332 1284 5385 ΠΙ.
1297 5327 1332 5364 ⁸¹⁰
1351 5326 1474 5396 quudets
1495 5322 1537 5378 2¹2.
1585 5323 1617 5358 ⁸¹¹
1634 5321 1717 5394 primi
1728 5321 1757 5380 3.

86 5393 121 5430 ⁸¹¹
135 5396 267 5453 oibadnm
281 5398 308 5453 2.
329 5399 369 5454 ΞΒ.
398 5399 426 5458 3.
442 5397 586 5456 arbaldum
600 5403 627 5457 l.
685 5404 720 5440 ⁸¹³
732 5408 855 5463 temulari
869 5409 894 5465 t.
914 5408 976 5464 Herc
1000 5408 1140 5475 minuunt
1153 5404 1190 5459 ud
1204 5399 1382 5458 ostendendus
1401 5399 1518 5452 codicum
1537 5395 1571 5449 ub
1590 5395 1759 5450 Heruchena'e

88 5465 272 5524 adhibitorum
291 5475 315 5525 et
329 5472 457 5528 editionis
472 5472 739 5532 Suriilectieueseet
755 5482 848 5549 petius
870 5494 983 5535 errores.
1021 5479 1054 5512 ⁸¹⁸
1069 5478 1141 5532 deest
1157 5476 1183 5531 2.
1205 5475 1230 5529 3.
1270 5472 1304 5508 ⁸¹⁶
1316 5469 1470 5540 Capitulum
1486 5466 1520 5521 ll.
1536 5470 1560 5520 et
1574 5468 1615 5521 ite
1626 5481 1713 5536 perro
1727 5466 1755 5520 l.

88 5534 190 5591 ⁸¹⁰ocu
211 5553 292 5621 super
311 5543 451 5622 adscripto
471 5543 547 5598 iul.
589 5543 624 5579 ⁸¹⁷
644 5547 714 5601 irater
733 5548 816 5604 nobis
844 5550 951 5606 etitem
971 5550 1184 5606 lincocrusoest
1210 5549 1233 5599 t.
1280 5541 1401 5596 ⁸¹⁸enim
1427 5539 1498 5595 Η.
1544 5537 1604 5594 ⁸¹⁹1
1624 5537 1667 5609 ¹1³
1682 5537 1758 5593 iiueu
1820 5540 1823 5547 '

87 5620 165 5665 uase
178 5611 239 5664 naua
252 5615 402 5681 spiritualis
417 5615 443 5672 f.
456 5614 492 5651 ⁸¹⁰
507 5630 649 5673 uersmam
660 5617 758 5678 titteris
771 5636 802 5677 er
811 5625 897 5680 mesu
909 5621 937 5681 2.
