3720 6014
138 218 201 279 583³
751 215 922 274 statuatur
943 217 1199 274 aauuaacuhsrs.
1755 222 1811 280 581

139 365 166 413 61
179 357 344 427 abicumque
359 352 550 424 opportunitas
564 353 686 408 locorum
704 352 834 419 occurrit,
850 368 950 408 secuu-
963 358 986 427 Α
1000 354 1120 410 Sabbato
1136 353 1165 409 ia
1180 353 1284 421 llartic,
1312 353 1355 410 vel
1383 354 1476 422 Junio,
1506 354 1549 410 vel
1584 356 1693 412 Octobri
1709 372 1811 429 prove·

140 447 205 501 dum
220 447 296 519 leges
314 443 465 497 dialecticae
487 443 626 512 proponit,
648 441 774 496 assumit.
796 441 947 497 concludit.
1002 443 1128 499 aiantdt
1143 445 1224 499 talem
1248 443 1395 512 jejunandi
1424 444 1509 499 ritum
1535 445 1705 501 auctorizant
1717 447 1813 515 multi,

139 537 255 608 Scripsit
267 536 373 603 laudes,
401 534 555 605 triumphos
571 540 599 589 ct
628 549 671 587 res
692 540 784 606 gestas
812 534 949 589 Guitlelmi
1001 534 1029 582 et
1041 528 1160 583 maxime
1175 529 1321 598 Teutones,
1339 531 1382 586 his
1398 533 1534 588 Beraonis
1548 533 1666 605 seriptis.
1819 524 1823 531 ’

85 650 88 655 “
138 627 389 684 Northmaanorum
423 626 541 691 comitis,
576 625 623 697 qui
655 640 770 700 regnum
801 626 949 699 hagiorum
1037 620 1100 678 Car.
1139 622 1234 679 CbVll.
1269 625 1395 679 amulius
1420 626 1584 693 monachas,
1611 627 1755 699 excipiens
1776 630 1813 686 66

139 716 244 788 primus
266 716 374 771 invasit.
410 714 524 786 Scripsit
546 714 697 770 invectivas
721 720 818 770 contra
847 715 951 768 Cerea·
1001 713 1159 770 Proverbiis
1184 716 1339 772 Salomonis
1372 719 1615 774 convenientiores
1647 724 1812 784 sententias.

138 812 245 886 parium
257 810 444 868 Turoueasem
460 808 603 880 epistolas,
621 808 751 864 refellens
766 809 871 880 scripta
889 808 950 877 ejus
1002 819 1029 865 et
1043 810 1162 865 litteram
1176 818 1204 866 et
1219 811 1383 887 dilegeriam
1411 814 1526 868 metrico
1539 814 1634 885 lepore
1658 815 1770 887 scripsit
1784 823 1816 871 61

138 903 173 958 66
183 917 299 975 corpore
315 907 341 957 et
354 899 599 976 sanguineChristi
614 900 691 956 Jesu.
706 900 949 974 Quissereagarius
1002 904 1127 977 digessit.

138 993 473 1065 aNicolaopapallomae
494 991 521 1045 ia
549 990 667 1047 coneilio
696 991 846 1063 nonaginta
866 991 948 1045 trium
1035 994 1388 1051 0160111111166616666
1412 997 1813 1070 (811),11666666616661666-

141 1086 335 1158 cpiscoporum
355 1084 424 1139 adco
439 1083 580 1139 convictus
594 1082 654 1150 suit,
672 1089 702 1137 ut
716 1083 778 1154 ipse
787 1081 949 1137 suismaai-
1000 1100 1063 1155 pus,
1079 1082 1189 1140 Cantica
1203 1085 1372 1140 cantieorum
1397 1085 1432 1139 ad
1455 1084 1592 1159 integrum
1613 1085 1742 1156 exposuit
1753 1103 1823 1161 me·-

140 1172 193 1230 166
207 1173 300 1249 ignem
315 1173 482 1239 accenderit,
513 1181 540 1227 et
567 1172 734 1243 scriptasua
754 1171 948 1237 combusserit,
1000 1175 1069 1231 trico
1095 1177 1200 1247 lepore,
1226 1183 1253 1231 et
1279 1176 1396 1231 litteram
1420 1183 1448 1231 et
1471 1177 1630 1250 allegoriam
1659 1192 1807 1234 exornans.

137 1260 946 1334 16666666666661166161166161616666666616166,
999 1266 1115 1337 Scripsit
1148 1265 1262 1322 metrice
1299 1266 1455 1338 passionem
1485 1266 1512 1320 S.
1547 1267 1687 1322 Laurentii
1722 1268 1813 1338 (sta).

141 1376 196 1417 non
212 1361 387 1431 scripturum.
407 1359 474 1425 Quia
500 1368 603 1425 tamea,
638 1358 764 1432 neglecto
777 1357 947 1426 juramento,
998 1359 1233 1433 Scripsitmetriee
1249 1358 1406 1429 passionem
1430 1357 1712 1431 Thcbaeorum,quasi
1729 1361 1823 1431 pedi-³

141 1459 235 1524 postea
250 1452 360 1522 scripsit
386 1459 482 1507 contra
505 1450 644 1521 praelatam
669 1449 818 1520 synodum,
853 1455 948 1504 contra
999 1447 1051 1503 bas
1082 1446 1177 1502 valeus
1206 1446 1234 1501 ia
1262 1446 1429 1501 seutentiam
1457 1446 1584 1502 Eucherii
1615 1446 1822 1520 lugdunensis?

86 1553 89 1558 ·
140 1541 580 1608 catholicamveritatem,eontra
611 1540 734 1596 omnium
765 1538 949 1594 Ecclesiarum
1001 1534 1259 1609 episcopi,quieam
1275 1534 1381 1589 urbana
1395 1536 1677 1608 prosascripseratad
1692 1536 1820 1592 Silvium.

140 1632 312 1704 opinionem,
326 1632 520 1688 etnomiaatira
531 1638 626 1687 contra
639 1630 952 1686 llumhertamcardiua·
964 1636 989 1704 Β
1001 1629 1172 1700 episcopum.

141 1725 194 1779 lem
210 1723 287 1779 1166.
309 1721 481 1792 episcopum,
499 1720 666 1775 Caairaacus
687 1720 720 1774 ad
736 1736 768 1774 ea
796 1719 947 1791 rescripsit,
1036 1718 1097 1775 Can.
1114 1717 1197 1773 calx.
1219 1718 1357 1774 llariaaus
1386 1718 1494 1774 Scottus
1517 1718 1602 1792 (819),
1626 1719 1824 1794 peregrinans⁴

138 1819 281 1891 et,p0sito
307 1816 462 1872 alternatim
490 1831 539 1870 suo
568 1823 596 1870 et
630 1814 789 1888 berengarii
823 1813 948 1882 nomiae,
999 1827 1050 1884 pro
1074 1810 1224 1866 Christoia
1252 1810 1362 1874 Gallias,
1389 1818 1417 1865 et
1441 1811 1528 1866 iactus
1554 1812 1705 1868 monachus
1734 1812 1813 1883 apud

138 1909 284 1964 alterutras
297 1904 451 1962 sententias
466 1903 591 1959 distinxit
607 1904 692 1972 (815).
999 1903 1181 1979 lloguntiam,
1196 1903 1290 1959 multis
1313 1903 1393 1958 anais
1408 1903 1540 1970 inclusus,
1569 1904 1682 1975 scripsit
1694 1903 1813 1960 Chroni-

174 1999 236 2056 Car.
269 1997 351 2053 cavi.
386 1996 474 2050 Serae
505 1996 577 2066 (816)
615 1994 700 2051 61166
730 1994 888 2070 buglensis,
919 1994 947 2048 iu
999 1995 1245 2052 camanativitate
1257 1993 1355 2048 Christi
1371 1993 1501 2066 usquead
1517 2009 1620 2048 annum
1638 1993 1695 2049 uati
1710 1993 1812 2050 Christi

140 2091 261 2149 humana
275 2096 303 2142 et
316 2087 410 2142 divina
425 2086 542 2140 seientia
557 2085 666 2140 claruit.
685 2086 819 2140 Praeterea
839 2100 948 2156 eaquae
999 2087 1176 2145 millesimum
1199 2086 1398 2160 octogesimum
1423 2085 1586 2150 secundum,
1613 2085 1681 2141 mira
1698 2084 1814 2141 subtili-

141 2179 437 2239 dchumaaaseientia
458 2179 578 2250 scripsit,
608 2179 754 2251 inquibus
778 2179 949 2234 cmiacthoc
999 2183 1344 2239 tateostendeaserrorem
1356 2181 1477 2252 priorum
1513 2180 1809 2255 chronographorum,

142 2274 217 2349 qnod
230 2275 258 2330 iu
271 2281 328 2331 arte
343 2269 448 2328 musica
463 2272 630 2343 praepcllcas
643 2271 679 2326 de
699 2270 802 2345 regulis
817 2271 950 2342 sympho·
1000 2272 1037 2327 ita
1052 2272 1213 2343 ponentium
1242 2271 1414 2325 nativitatem
1444 2269 1554 2338 Christi,
1576 2279 1606 2326 ut
1627 2286 1717 2325 annus
1743 2286 1813 2341 pas-

143 2367 251 2424 niarum
267 2372 294 2421 et
308 2372 435 2420 tonorum
449 2363 570 2434 scripsit,
599 2370 627 2417 61
637 2363 710 2434 quod
721 2364 748 2418 ia
764 2362 949 2418 mensurando
999 2367 1088 2423 sionis
1099 2365 1170 2436 ejas,
1185 2372 1318 2437 quantum
1330 2365 1363 2420 ad
1381 2365 1514 2420 rationem
1525 2365 1660 2436 computi,
1676 2380 1732 2420 uou
1745 2379 1823 2441 con·-

144 2455 333 2513 monoebordo
356 2454 428 2509 ultra
455 2454 578 2531 regulam
626 2454 724 2522 Raetii,
758 2455 806 2510 sed
834 2470 949 2510 assensu
1000 2455 1095 2512 cordet
1107 2454 1213 2510 veritati
1235 2453 1411 2526 evangelicae.
1424 2452 1501 2508 Uade
1517 2453 1731 2525 ipscappoaeus
1742 2469 1815 2508 axau

143 2547 261 2603 minoris
288 2547 383 2602 Boetia
409 2546 541 2601 Cuidonis
568 2547 714 2617 supposuit
740 2564 826 2602 uuum
853 2555 948 2602 tonum
1000 2563 1089 2603 annos
1107 2546 1146 2600 illi
1169 2561 1241 2601 auno
1270 2544 1317 2600 ubi
1347 2545 1454 2616 priores
1467 2545 1592 2600 scribunt
1616 2545 1827 2607 suissenatum.

144 2636 451 2707 tetrachordohypaton,
482 2644 509 2690 et
528 2642 623 2691 contra
652 2652 731 2690 asum
761 2637 895 2706 majorum
922 2635 949 2690 ia
1002 2639 1148 2705 Christum,
1165 2637 1243 2709 ponit
1267 2636 1430 2708 iamargiae
1445 2637 1554 2710 pagiaae
1571 2637 1727 2692 alternatim
1744 2635 1826 2692 hiae.

144 2729 205 2801 ipso
216 2726 493 2796 tetrachordohypato
503 2725 948 2798 inseruitutilitersyaemmeaon.
1002 2747 1089 2788 annos
1101 2729 1267 2805 evangelicae
1282 2728 1416 2797 veritatis,
1436 2728 1514 2784 illinc
1535 2745 1623 2784 annos
1648 2726 1818 2800 1616666116-

144 2817 264 2873 Seduon
278 2808 425 2887 praeteribo
440 2814 514 2887 qnod
527 2815 637 2886 scripsit
651 2817 686 2870 de
706 2816 820 2886 jejuniis
833 2816 953 2880 cuatuor
1002 2840 1062 2881 mm
1079 2821 1308 2894 computationes,
1331 2829 1360 2875 ut
1381 2835 1437 2876 aaa
1461 2819 1550 2876 solum
1581 2819 1734 2887 intellectu,
1763 2816 1817 2875 sed

142 2909 318 2980 Tempcrum,
335 2907 487 2980 dequibus
514 2907 689 2962 celebrandis
704 2914 745 2962 est
761 2909 832 2963 inter
848 2908 950 2964 maltos
1000 2913 1082 2968 etiam
1096 2911 1157 2966 visu
1173 2910 1258 2982 possit
1268 2909 1390 2965 discerni
1404 2909 1506 2965 veritas
1516 2917 1543 2965 et
1559 2909 1672 2965 falsitas.

144 2999 334 3067 dissonantia;
358 3000 422 3054 dum
454 2999 500 3054 alii
521 2999 673 3055 secuudum
698 2999 949 3055 considerationem
964 3034 989 3101 C
1037 3000 1098 3056 Car.
1128 2999 1197 3054 CCX.
1229 2998 1372 3065 11661666,
1403 3013 1437 3053 ea
1466 2998 1630 3054 scholastico
1657 2996 1817 3053 Trevireasi

145 3100 311 3163 temporum,
328 3090 362 3144 ad
375 3088 514 3158 jejunium
533 3096 637 3162 quartat
650 3097 769 3145 etsexlae
786 3089 861 3145 leriae
876 3090 950 3145 acci·
1002 3090 1150 3162 episcopus
1168 3087 1362 3154 vercellensis,
1378 3087 1491 3158 scripsit
1507 3087 1607 3142 librum
1620 3087 1671 3142 sub
1694 3100 1818 3158 persona

145 3182 295 3256 piuatdies
320 3182 467 3237 Februarii.
493 3181 535 3238 vel
565 3182 637 3247 llaii,
661 3182 708 3254 vel
732 3181 912 3253 Septembris,
924 3188 952 3236 et
1002 3178 1165 3235 Theoderici
1192 3177 1373 3233 Virduneasis
1390 3177 1528 3248 episcopi,
1543 3177 1575 3231 66
1594 3175 1816 3231 hildebrandum

145 3275 265 3331 Sabbato
287 3275 315 3330 iu
343 3274 473 3329 Kalendis
502 3273 682 3346 proveniente
706 3274 854 3330 terminant
872 3273 949 3342 ieiu-
1002 3271 1555 3348 61660636τί66(666606616661616
1584 3271 1661 3342 regni
1678 3277 1706 3325 ct
1723 3284 1819 3325 sacer-

146 3365 306 3432 nium3alii
320 3380 384 3420 vero
397 3365 457 3420 sinc
473 3364 696 3420 consideratione
723 3371 951 3436 temporumaca
1002 3364 1081 3431 66111,
1099 3378 1230 3418 666666
1247 3361 1402 3432 increpans,
1429 3359 1479 3414 sed
1508 3366 1538 3414 ut
1563 3358 1701 3413 seniorem
1730 3357 1818 3413 obsc-

141 3456 269 3528 jejunant
284 3457 337 3513 uisi
352 3465 449 3530 quarta
465 3465 492 3513 et
507 3463 584 3512 sexta
597 3455 666 3513 seria
674 3456 785 3527 jejunii,
807 3472 868 3511 cum
889 3455 950 3527 ipso
1002 3471 1082 3513 crans
1097 3462 1124 3512 et
1135 3455 1253 3520 Patrem,
1266 3461 1293 3510 et
1305 3452 1444 3508 amicabili
1469 3452 1631 3508 inductione
1645 3450 1724 3523 quasi
1744 3449 1818 3506 afle-

759 3560 898 3617 annuant
918 3561 1023 3616 llllllAEl
1044 3559 1192 3616 SCHOle.

181 3661 658 3733 (815)11666ι·16611’,11,668.Ε.
1006 3676 1056 3732 pro
1080 3675 1165 3736 regno
1187 3657 1303 3725 coelesti,
1335 3657 1449 3729 patriam
1483 3674 1571 3712 meam
1593 3657 1703 3728 reliqui,
1733 3664 1763 3712 et
1788 3657 1818 3713 ia

180 3736 250 3805 (816)
270 3736 370 3799 Berao,
398 3750 432 3787 cx
455 3733 611 3788 Prumieasi
647 3733 784 3788 monacho
797 3733 883 3788 abbas
898 3734 954 3788 16-
1006 3732 1118 3789 Colonia
1133 3748 1149 3786 v
1164 3730 1233 3785 feria
1252 3729 1382 3785 llaleadis
1402 3730 1514 3804 Augusti
1532 3730 1683 3785 monachus
1698 3727 1817 3783 effeetus

144 3805 259 3879 gieasis,
280 3805 390 3875 scripsit
418 3805 517 3858 librum
548 3805 585 3858 lte
612 3802 705 3857 olfacio
724 3804 826 3871 missae,
846 3805 904 3859 sive
920 3805 955 3859 dc
1005 3801 1262 3866 66616661018,
1295 3801 1600 3867 Padelbruauacivitas,
1622 3816 1683 3855 666
1700 3798 1815 3855 666166

148 3875 231 3930 rebus
245 3875 279 3928 ad
295 3875 405 3927 missam
422 3875 635 3943 pcrtinentibus,
665 3890 727 3927 eum
754 3875 816 3929 aliis
829 3876 953 3956 ejusdem
1005 3873 1191 3940 monasteriis,
1203 3872 1271 3927 seria
1286 3889 1311 3927 vr
1328 3878 1392 3926 ante
1414 3873 1531 3938 Palmas,
1549 3874 1611 3946 igne
1632 3872 1816 3927 consumitur.

149 3944 330 4020 argumentis,
347 3943 467 3998 Coloniae
481 3945 561 4011 1568,
580 3944 671 3998 lloraae
687 3951 714 3998 61
738 3944 765 3998 16
783 3945 955 4001 Bibliotheca
1007 3948 1037 4002 lu
1051 3944 1218 4002 monasterio
1233 3953 1324 3998 autam
1339 3951 1398 3999 erat
1414 3943 1546 3998 Paternus
1572 3945 1694 4008 nominc,
1712 3956 1816 3997 mona-

147 4014 640 4085 1616166166661)ρί6616666.
661 4015 690 4069 16
705 4031 761 4085 quo
777 4016 847 4072 libro
863 4033 922 4087 cap.
939 4019 956 4070 2
1006 4018 1076 4073 chus
1086 4018 1194 4083 Scotus,
1222 4013 1374 4086 multisque
1399 4014 1480 4070 anais
1508 4015 1641 4080 inclusus,
1662 4014 1709 4086 qui
1730 4014 1817 4068 etiam

150 4085 406 4142 narratseilcarici
436 4087 457 4139 11
487 4087 552 4156 imp.
583 4085 767 4153 coronationi,
788 4104 838 4158 per
866 4060 1226 4146 uene-Dcomoastioaem
1277 4087 1491 4158 prenuntiabat,
1526 4094 1553 4142 et
1586 4087 1614 4141 in
1645 4101 1695 4141 sua
1727 4084 1815 4140 elusa.

151 4157 321 4213 6161661111
350 4156 439 4218 laetae,
459 4173 532 4213 anno
559 4157 706 4212 millesimo
731 4158 840 4214 666166
860 4168 957 4242 quarto
1008 4159 1135 4215 ambiens
1165 4157 1324 4230 arartprium
1356 4158 1517 4214 combustus
1537 4165 1588 4212 est.
1614 4156 1692 4212 Feria
1706 4172 1725 4210 ιι
1752 4162 1818 4227 post

153 4228 322 4285 interfuisse.
339 4228 455 4299 Scripsit
469 4230 533 4283 item
548 4228 669 4284 l'itamS.
689 4228 956 4302 Udalrcci,cprscopi
1011 4237 1120 4288 octavas
1133 4229 1255 4297 Paschae,
1270 4228 1366 4284 exiens
1386 4230 1415 4284 16
1440 4227 1561 4290 Colonia,
1575 4227 1815 4292 eausaorationis,

152 4301 313 4382 Augustani,
330 4315 345 4353 a
360 4299 440 4354 Surio
468 4317 494 4354 rv
508 4299 571 4355 16111
596 4300 708 4354 editam.
724 4301 797 4356 Obiit
810 4301 960 4358 annomil-
1011 4301 1137 4358 eumdem
1155 4302 1245 4355 locum
1260 4300 1378 4369 visitavi,
1406 4300 1442 4355 ob
1463 4300 1605 4373 bonaque
1619 4308 1767 4355 narrantur
1781 4299 1818 4354 de

153 4372 251 4427 lesrmo
264 4371 477 4443 quadragesimo
497 4380 603 4427 octavo.
1010 4374 1071 4443 ejus
1085 4372 1214 4443 sepulcro
1230 4390 1238 4437 3
1254 4371 1337 4427 etsie
1361 4388 1424 4428 cum
1443 4372 1542 4427 abbate
1558 4370 1685 4427 16166661
1701 4370 1816 4425 Fuldam

190 4444 262 4515 (817)
279 4441 436 4509 ldarbodus,
458 4443 631 4498 Redoaeasis
653 4442 682 4496 in
701 4443 842 4499 Britannia
866 4445 962 4500 drmo-
1010 4444 1084 4500 veni.
1100 4445 1178 4497 1666
1193 4442 1274 4506 1059,
1289 4458 1341 4516 ego
1367 4443 1504 4499 llariaaus
1528 4443 1660 4516 indiguus
1674 4458 1736 4497 cum
1753 4441 1818 4514 Sig-

155 4515 212 4570 rica
228 4514 678 4586 66166666666661096666166,
694 4514 805 4570 demum
817 4524 961 4587 postxxvu
1011 4515 1081 4571 lrido
1097 4513 1205 4585 (abbate
1223 4514 1361 4583 16166661)
1388 4515 1462 4587 apud
1484 4514 1680 4588 virzeburgum
1703 4513 1737 4567 ad
1751 4528 1818 4583 pre·

156 4586 412 4642 anaosmonaelrus
439 4586 577 4661 ludegari
599 4586 632 4640 ad
660 4584 686 4639 S.
714 4586 842 4642 1111666
862 4586 960 4653 iactus,
1010 4587 1179 4658 sbyteratum
1206 4593 1391 4652 consecratus,
1417 4585 1507 4640 media
1535 4585 1760 4658 Quadragesima,
1789 4600 1819 4639 ιιι

157 4657 387 4712 6666611166166
402 4657 554 4712 centesimo
570 4656 649 4711 tertio
669 4657 762 4712 vivere
789 4658 880 4713 desiit.
898 4659 962 4729 Ejus
1012 4659 1076 4714 ldus
1091 4656 1189 4720 Martii,
1214 4665 1242 4712 et
1256 4656 1323 4712 l'eria
1353 4675 1379 4713 vr
1398 4666 1460 4727 post
1488 4657 1695 4721 ascensionem,
1712 4672 1731 4710 u
1752 4655 1819 4710 ldus

157 4726 275 4799 epistola
307 4728 341 4782 ad
374 4727 404 4781 11.
433 4728 659 4800 andegavensem
689 4729 851 4800 episcopum
874 4737 962 4784 exstat
1012 4729 1083 4790 ldaii,
1118 4729 1242 4783 inclusus
1271 4728 1363 4784 Fuldae
1388 4745 1438 4799 per
1464 4743 1553 4784 annos
1579 4745 1605 4784 x.
1626 4731 1704 4783 1666
1735 4724 1818 4794 ants,

159 4804 234 4854 1666
248 4797 455 4855 llBibliothecoe
483 4801 601 4855 Patrum.
630 4798 751 4854 harbodi
765 4800 892 4855 meminit
907 4799 962 4854 llil-
1012 4799 1197 4856 hanuchadus
1220 4800 1317 4855 Scelus
1341 4809 1368 4855 et
1393 4798 1517 4855 iaclusus
1544 4800 1614 4855 obiit
1628 4816 1657 4854 ru
1682 4797 1821 4854 llalcadas

159 4869 291 4925 dabertus
309 4868 391 4940 epist.
419 4871 454 4926 89
481 4880 508 4927 et
519 4872 583 4938 100,
609 4870 673 4925 item
700 4868 962 4927 Coffridusllidoci·
1011 4871 1152 4928 Februarii
1180 4871 1208 4925 iu
1237 4871 1404 4927 monasterio
1445 4871 1584 4927 Fuldeusi.
1619 4871 1655 4926 Su
1677 4887 1708 4926 er
1738 4869 1819 4938 cuius

158 4940 254 4997 nensis
268 4942 316 4996 lib.
331 4958 361 5007 u,
377 4941 456 5014 epist.
473 4943 499 4997 1.
1011 4943 1169 5014 sepulcrum
1185 4942 1243 4996 visa
1261 4950 1327 4997 suat
1345 4943 1460 5007 lamina,
1490 4951 1518 4998 et
1546 4887 1698 5014 psalmodia
1712 4941 1819 4997 audita.

91 5074 94 5078 ἵ
194 5012 268 5084 (818)
282 5013 319 5067 06
333 5012 466 5069 Eucherio
480 5013 602 5068 Ceuaad.
620 5028 681 5083 cap.
694 5013 738 5068 16.
1011 5014 1099 5085 Super
1114 5029 1196 5084 quem
1211 5028 1263 5085 ego
1283 5014 1420 5070 llariaaus
1433 5015 1530 5070 Scelus
1549 5032 1564 5069 x
1579 5014 1661 5069 annis
1681 5012 1818 5078 inclusus,

194 5084 262 5151 1819)
279 5083 530 5139 11616666866166
553 5084 663 5155 scripsit
695 5084 782 5139 libros
797 5089 852 5139 tres
877 5081 962 5139 Chro-
1012 5101 1097 5156 super
1111 5084 1196 5154 pedes
1217 5085 1278 5153 eius
1306 5094 1390 5149 stans,
1419 5086 1543 5157 quotidie
1573 5085 1681 5140 cantavi
1708 5083 1818 5139 missas.

158 5155 283 5213 uicorum
302 5155 337 5210 ab
349 5155 428 5209 initio
448 5156 546 5210 mundi
579 5169 667 5226 usque
692 5155 725 5208 66
743 5172 845 5210 66666
862 5153 961 5209 Christi
1012 5156 1173 5212 annotasti
1187 5171 1238 5229 ego
1260 5155 1345 5212 miser
1360 5157 1506 5225 llariaaus,
1518 5158 1598 5227 jussu
1618 5155 1743 5228 episcopi
1760 5154 1820 5210 116-

159 5226 543 5299 millesimumoetogesimum
559 5226 681 5291 tertium,
702 5242 772 5298 quos
791 5226 963 5282 continuavit
1011 5227 1186 5301 guatinensis
1201 5237 1228 5282 et
1242 5228 1350 5284 abbatis
1363 5228 1516 5292 Fuldeusis,
1538 5228 1606 5284 seria
1620 5245 1646 5282 vr
1674 5233 1738 5282 aute
1757 5225 1821 5281 Pal·

158 5297 345 5363 llodeehinus,
366 5296 452 5350 abbas
471 5296 498 5351 S.
519 5295 663 5369 ltysibodi,
692 5313 779 5370 usque
800 5298 834 5352 ad
859 5313 961 5351 annum
1012 5315 1071 5353 mas
1096 5299 1183 5353 Nouis
1197 5298 1307 5369 Aprilis,
1333 5307 1395 5369 post
1410 5316 1498 5355 annos
1516 5317 1531 5353 x
1547 5315 1616 5354 meae
1643 5297 1819 5364 inclusionis,

158 5367 333 5423 millesimum
347 5368 577 5423 ducentesimum.
594 5367 671 5422 11161
695 5369 785 5440 ipsum
813 5368 961 5422 11666666
1012 5371 1117 5426 6616166
1132 5372 1166 5425 66
1182 5371 1290 5425 clusaia
1307 5370 1401 5435 l'ulda,
1420 5371 1454 5425 ad
1472 5368 1829 5446 16636611666661,6116Ι

158 5438 302 5519 audirevdc
317 5455 346 5494 se
359 5439 518 5511 loquentem
534 5439 562 5494 ia
588 5438 732 5494 Chronico.
749 5461 761 5489 a
777 5442 855 5494 1666
871 5439 964 5493 mille·
1012 5440 1160 5497 testivitate
1175 5441 1285 5513 Septem
1306 5441 1439 5508 Fratrum,
1451 5443 1573 5498 secando
1585 5442 1724 5497 includor.
1740 5442 1820 5496 1666

158 5509 374 5566 srmovrcesimo
387 5520 485 5566 octavo
507 5525 559 5565 eo
585 5510 668 5564 miser
690 5510 828 5566 Marianus
851 5511 878 5565 in
900 5525 964 5581 pce·
1011 5512 1082 5568 1086
1097 5512 1235 5569 blariacus
1249 5513 1346 5569 Scotus
1372 5521 1400 5568 61
1432 5513 1555 5570 inclusus
1577 5513 1627 5584 (611
1640 5512 1822 5569 0666611666

158 5575 370 5657 6111616166166
396 5582 474 5637 1666
507 5526 962 5663 1156166611666666666166
1012 5582 1074 5652 ejus
1087 5584 1274 5655 continuator)
1294 5583 1374 5653 obiit,
1390 5590 1418 5640 ct
1433 5586 1508 5657 apud
1531 5585 1557 5639 S.
1575 5584 1721 5640 Martinam
1738 5597 1822 5655 sepo·

130 5681 133 5686 ·
158 5646 268 5717 rehqut.
280 5649 359 5708 1666
375 5651 453 5719 1016,
469 5666 520 5728 ego
536 5651 682 5711 11666666.
700 5667 863 5727 peregrinus
877 5651 963 5709 lactus
1012 5653 1088 5712 titur.
1105 5675 1117 5707 a
