3720 6014
87 118 140 176 tlt

592 114 669 172 vlla
688 108 865 169 oaonanrtt
886 109 1038 169 netstoPt
1057 114 1250 175 hamensis

86 252 172 301 tama
189 242 374 298 homanorum
390 241 461 298 duce
486 240 569 298 lletio
588 239 720 296 Suffecto.
738 237 815 294 Unde
836 236 900 309 qui·
913 241 939 310 Α
951 241 1031 298 Juxta
1046 252 1170 300 naturam
1187 251 1288 302 motata
1302 262 1379 302 suam
1393 250 1558 321 posituram,

86 341 151 396 dam
167 337 239 407 (956)
251 336 290 392 ait
306 354 313 391 :

126 429 205 483 Alter
218 430 247 481 ut
265 429 296 482 ia
309 428 422 496 sceptris
434 429 559 481 anstrum
573 427 723 495 Sipibertas
740 424 847 493 agebat,

125 521 260 591 Suffectus
275 521 385 575 dederat
399 536 494 576 nomen
507 523 551 575 cai
566 523 665 576 Melias
679 520 754 575 arbe.

952 336 1048 393 Pulcra
1065 337 1158 408 placet
1170 339 1241 406 nisu,
1253 348 1357 396 naturae
1371 342 1512 413 pulchrior
1524 361 1585 402 usu.

953 428 1026 484 Colle
1041 430 1143 486 sedens
1159 431 1279 497 modico,
1289 434 1401 508 gemino
1417 436 1522 492 munita
1537 437 1657 506 liuento;

955 518 971 571 l'
974 519 1077 573 lumina
1091 519 1157 574 dant
1173 536 1305 591 murmur,
1323 522 1388 578 dant
1404 529 1610 602 propugnacula
1630 530 1724 586 robur.

88 616 211 672 Tradunt
225 616 271 671 alii
290 616 342 671 hoc
361 615 479 671 disticon
503 622 641 688 repertum
657 615 685 669 in
705 612 812 669 effossis
832 617 903 666 terra
954 608 1083 676 Quatuor,
1099 625 1175 677 occe,
1195 609 1289 683 plagas
1304 627 1355 682 por
1368 621 1487 685 quatuor
1506 617 1599 691 aspice
1615 627 1725 690 portas:

88 705 228 777 lapidibus
241 705 281 760 sic
295 705 464 776 insculptum
482 723 489 771 ;

128 802 252 869 Tempore
264 813 316 868 que
327 799 418 855 Cesar
436 813 486 853 saa
505 798 591 853 Gallis
606 798 702 852 bstulit
712 811 801 860 arma,

130 891 203 943 ibae
219 889 451 945 mediomatricam
466 891 605 958 superauit
616 889 714 950 illelius
730 886 830 940 arbem,

92 981 149 1037 Nec
169 980 229 1035 sine
254 980 373 1051 quodam
402 979 536 1055 praesagio
564 979 615 1034 tibi
635 977 770 1034 accidisse
796 975 903 1041 credas,

954 698 1065 754 Scilicet
1075 700 1221 767 anatolem,
1239 700 1323 769 disin,
1335 704 1535 775 mesenbriam,
1551 717 1645 764 arcton

955 792 1023 856 Quid
1039 792 1111 848 videt
1125 793 1276 860 aeclesias,
1288 796 1413 852 ooelestes
1426 799 1543 854 aestimat
1557 800 1643 856 aulas.

957 880 1020 935 Cum
1037 890 1100 953 poto
1112 882 1256 953 primatem
1271 885 1404 957 Stephani
1421 890 1649 962 prothomartyris
1661 894 1762 966 edom,

956 971 986 1025 Et
999 971 1081 1027 video
1096 972 1210 1041 clerum,
1232 974 1328 1030 uideor
1347 977 1415 1031 milri
1430 980 1563 1034 scandere
1579 981 1689 1051 coelum,

93 1073 168 1145 quod
177 1080 278 1143 preater
288 1072 453 1127 haecusitata
463 1071 597 1127 vocabula
610 1079 636 1127 te
648 1070 813 1125 lliridunum
826 1067 906 1122 tradit
957 1059 1141 1132 Coeleslesque
1152 1061 1251 1117 choros
1265 1064 1400 1120 modulari
1417 1068 1533 1123 dulciter
1547 1085 1655 1140 ymnos.

92 1162 237 1219 vocitatam
259 1162 420 1234 antiquitas.
447 1163 548 1218 Gallica
570 1162 644 1218 enim
669 1162 764 1235 lingua
783 1166 904 1215 montem
956 1149 987 1204 El
1001 1150 1060 1219 libb
1075 1151 1208 1220 Salvam,
1222 1169 1295 1227 ,1¹0l'tt
1310 1157 1411 1211 moenia
1421 1173 1536 1234 surgere
1546 1169 1641 1235 grator

92 1255 183 1330 uocari
204 1255 320 1317 dunum,
335 1255 469 1311 studiosis
494 1271 550 1311 non
571 1264 613 1310 est
632 1253 814 1327 incognitum.
836 1252 904 1317 Qui·

957 1242 1020 1305 Quae
1031 1240 1125 1311 patriae
1140 1243 1278 1312 columen,
1292 1245 1353 1302 ritae
1373 1248 1526 1318 spectabile
1537 1252 1658 1316 culmen,

94 1347 158 1401 dam
184 1346 218 1402 de
245 1347 397 1402 neutericis
425 1348 632 1418 interpretatus,
662 1363 711 1403 cur
728 1346 823 1401 lledua
837 1343 904 1399 urbs
954 1332 1058 1387 Struxit
1071 1333 1208 1391 Adelbew
1223 1335 1294 1407 plus,
1310 1353 1453 1396 omnesne
1468 1341 1635 1400 decusare.

91 1443 207 1492 uocetur
222 1436 455 1510 Augustidunum,
471 1436 544 1492 inter
558 1445 657 1492 cetera
669 1436 710 1492 sic
724 1435 762 1490 ait
777 1452 784 1488 ε

131 1525 232 1580 Celtica
246 1528 330 1581 Romo
345 1525 440 1581 dehinc
452 1527 538 1581 uoluit
549 1529 670 1596 cepitque
681 1526 785 1590 vocari,

130 1617 353 1685 Aatpnstidnnum
368 1617 473 1671 alemant
491 1622 615 1688 correepto
627 1620 728 1682 vocari,

130 1708 251 1775 Augusti
266 1711 381 1760 tanatem
394 1707 467 1778 quod
485 1709 616 1774 transfert
630 1707 729 1764 Celtico
743 1707 849 1773 lingua.

95 1797 249 1872 Siculorgo
264 1797 486 1870 augustidunum
505 1798 726 1871 augusti-mons,
742 1796 812 1851 sient
838 1794 905 1849 Viri·

94 1891 200 1945 dunum
231 1888 474 1944 Virorum-dunum
501 1889 675 1945 nominatum
691 1896 743 1955 est,
770 1888 806 1945 ita
829 1886 903 1943 llini-

955 1424 1072 1498 l'irginis
1086 1442 1182 1500 agnus,
1200 1428 1269 1497 onis,
1286 1435 1314 1485 et
1326 1446 1445 1503 sponsus
1459 1435 1637 1508 virginitatis,

959 1519 1104 1593 virgineos
1121 1522 1256 1579 thalamos
1274 1524 1302 1578 iu
1315 1525 1388 1582 trino
1403 1527 1516 1584 nomine
1527 1522 1625 1585 trinos

921 1569 947 1638 B
960 1610 1114 1667 Colloeatiu
1126 1615 1226 1670 mediis
1242 1617 1323 1686 hujus
1335 1617 1386 1673 sibi
1398 1619 1539 1676 moenibus
1556 1621 1644 1678 urbis.

955 1702 1040 1759 linter
1050 1705 1126 1779 virgo
1138 1707 1186 1762 llei
1196 1706 1225 1763 fit
1238 1709 1336 1765 sedula
1356 1712 1481 1781 pronuba
1499 1714 1568 1783 nati,

956 1797 1078 1869 claviger
1092 1799 1229 1854 aethereus
1244 1799 1274 1854 lit
1289 1807 1317 1857 et
1332 1801 1393 1874 ipse
1406 1803 1453 1859 llei
1469 1806 1680 1879 paranimphus,

955 1888 1083 1962 virgineo
1097 1890 1192 1961 spousi
1209 1891 1329 1948 thalamo
1349 1893 1461 1968 dignata
1475 1899 1590 1968 superni

96 1982 201 2038 dunum
218 1982 296 2053 qnasi
313 1981 564 2037 hinorum-dunum
584 1981 751 2038 uocabulum
771 1984 906 2052 aucupata
957 1986 1039 2060 Virgo
1059 1986 1234 2043 Glodesindis
1247 1988 1322 2044 canit
1332 1988 1510 2060 epithalamia
1526 1993 1613 2065 regis,

96 2088 142 2138 es;
163 2086 219 2127 non
244 2071 333 2126 solum
358 2077 470 2142 propter
492 2071 634 2126 emeritam
665 2070 815 2127 incolarum
843 2085 907 2145 gra-

98 2161 176 2232 tiam,
193 2175 264 2232 quos
288 2161 340 2215 hoc
368 2160 479 2216 nomine
506 2160 672 2233 dignabatur
685 2160 831 2236 gentilium
860 2176 909 2215 su·

957 2079 1033 2152 dgna
1048 2079 1157 2136 minans
1178 2081 1256 2153 (959)
1272 2097 1356 2154 agnas
1375 2082 1409 2136 ad
1424 2083 1497 2138 orilo
1518 2085 1616 2140 salutis
1631 2087 1767 2160 agendas.

960 2169 1039 2225 Urbis
1056 2179 1189 2243 praeterea
1204 2191 1310 2246 magnae
1324 2176 1457 2247 pomoeria
1473 2176 1555 2249 longa

97 2253 238 2326 perstlcio,
260 2263 302 2309 set
317 2254 399 2309 etiam
414 2254 490 2326 quia,
506 2260 535 2309 ut
550 2254 681 2324 diximus,
700 2262 739 2311 tot
751 2262 909 2310 sanctorum
960 2263 1073 2320 Tutatur
1084 2266 1169 2333 felix,
1183 2268 1252 2322 aeris
1262 2275 1290 2323 ρ)
1303 2270 1416 2325 nomine
1431 2269 1507 2335 felix,

98 2346 204 2420 hospes
220 2347 313 2403 lutura
327 2348 447 2421 quodam
474 2348 684 2422 praesagiebarls
717 2347 837 2405 oraculo.
856 2347 911 2402 Nec
961 2354 1026 2411 Cum
1038 2357 1180 2414 Clemente
1190 2359 1248 2430 pio,
1260 2360 1385 2417 lileriensi
1397 2361 1514 2433 praesule
1525 2361 1625 2433 primo,

99 2437 431 2495 abborretareetitudine
443 2437 519 2506 fidei,
535 2438 661 2494 dirorum
676 2438 788 2494 nomine
801 2443 912 2493 sanctos
962 2443 1027 2500 Cum
1043 2447 1146 2518 quibus
1160 2448 1231 2503 alme
1243 2449 1318 2505 vices
1329 2450 1440 2521 partiris
1454 2449 1666 2523 symphoriane,

98 2535 215 2607 signari,
245 2552 305 2592 eum
342 2535 428 2590 multa
450 2535 587 2606 scriptura
615 2541 642 2590 ct
670 2534 806 2606 imprimis
838 2535 911 2589 Ileus
960 2523 1101 2594 Jolrannes
1115 2539 1166 2594 alis
1181 2541 1305 2596 sublatus
1319 2541 1497 2614 uirginitatis,

98 2627 215 2683 deorum
235 2628 263 2683 in
279 2627 424 2702 evangelio
436 2634 615 2698 protestetur,
631 2643 680 2684 eos
693 2627 727 2682 ad
739 2642 808 2699 quos
819 2641 911 2683 sermo
960 2629 1103 2685 drnullum
1117 2631 1223 2704 gremio
1243 2639 1366 2689 sanctum
1384 2634 1544 2705 complexus
1563 2635 1664 2701 amico,

98 2719 149 2774 Dei
164 2718 253 2776 lactus
269 2727 311 2776 est
327 2720 382 2776 [leo
396 2720 499 2776 vocari.

134 2809 190 2865 llos
204 2810 419 2866 controversiam
444 2809 479 2864 de
495 2809 608 2886 nomino
623 2809 685 2865 aliis
705 2808 910 2882 relinquamus;

962 2719 1036 2773 luter
1055 2720 1284 2777 cosmediusstat
1297 2722 1387 2778 clarus
1402 2722 1437 2777 ab
1457 2722 1637 2788 urbcvidori,

962 2808 1050 2879 Atque
1060 2807 1155 2863 uolans
1168 2808 1222 2865 alto
1238 2817 1300 2881 post
1319 2828 1349 2866 se
1361 2811 1443 2866 trahit
1454 2827 1553 2884 agmen
1569 2812 1677 2882 abimo,

102 2916 197 2956 verum
214 2900 363 2972 quiasaepe
376 2898 498 2955 medium
514 2899 592 2955 urbis
605 2898 658 2955 iter
677 2899 801 2966 terimus,
812 2898 912 2972 ingrati
963 2899 1064 2963 lusula,
1081 2900 1217 2966 Vincenti,
1235 2903 1283 2957 tibi
1300 2903 1384 2959 cessit
1398 2919 1512 2960 munere
1525 2904 1638 2971 Clnisti;

99 3008 162 3048 esse
182 2992 344 3063 poterimus,
368 2993 391 3048 si
419 3009 478 3048 eam
514 2993 688 3048 insalutatam
718 2991 911 3064 relinquimus,

100 3084 220 3155 ideoque
236 3100 386 3157 parumper
399 3083 426 3138 ln
446 3085 506 3155 ejus
516 3084 602 3139 libeat
615 3083 755 3139 immorari
771 3082 910 3139 laudibus.

100 3174 232 3231 Praecluis
251 3175 318 3231 urbs
332 3176 418 3241 salve,
435 3175 515 3231 tellus
531 3175 692 3248 praenobilis
707 3190 769 3242 ave,

102 3271 171 3327 Urbs
182 3271 317 3343 populosa
337 3270 430 3336 nimiS,
443 3270 525 3326 tellus
538 3269 694 3342 praefertilis
709 3268 790 3343 agris.

102 3360 154 3416 ltel
171 3368 197 3416 et
208 3362 249 3416 lac
262 3376 388 3426 manans,
403 3375 464 3415 cum
476 3375 540 3415 vino
554 3359 633 3430 panis
649 3357 824 3425 habundans,

102 3448 240 3505 Mercibus
254 3448 408 3515 exundans,
422 3463 488 3503 auro
503 3447 677 3521 gemmisque
691 3446 861 3512 redundans,

103 3540 181 3597 Cedit
192 3539 319 3595 Pactolus
333 3538 434 3606 sulvus,
449 3539 598 3611 praedulcis
618 3539 760 3610 Hymetus,

141 3630 172 3684 Et
187 3627 298 3683 Latialis
308 3628 419 3695 humus,
430 3626 914 3701 Triquetra,veldffricaldiilltellus.

104 3722 131 3776 Si
145 3720 377 3791 circumspiciam,
393 3720 432 3774 nil
448 3736 503 3777 non
515 3719 655 3775 landabile
671 3735 793 3775 cernam.

105 3815 198 3870 Lauda
212 3815 302 3870 minas
315 3815 386 3871 muri
402 3815 514 3889 quadris
529 3814 701 3879 exaedificati,

106 3909 164 3964 Non
182 3907 271 3963 lacilis
282 3909 362 3976 solvi,
374 3925 429 3965 non
444 3908 637 3984 expugnabilis
657 3908 740 3964 hosti.

107 3997 174 4052 Nam
184 3997 272 4054 clivus
282 4015 403 4066 murum,
419 4007 540 4055 tutantur
554 3999 669 4054 llumina
682 3998 795 4055 clinum.

107 4085 205 4141 Tutum
224 4086 361 4154 sicertra,
377 4086 467 4142 munit
477 4088 518 4143 ris
529 4087 639 4161 aggeris
654 4088 738 4154 iutra3

109 4176 167 4242 Qua
183 4184 278 4232 natura
287 4177 371 4245 labat,
384 4177 460 4234 vires
473 4194 572 4234 manus
587 4194 686 4249 arsque
697 4179 846 4235 ministrat.

108 4268 271 4324 Mensurans
287 4269 382 4337 latum,
398 4279 511 4342 stupeas
527 4270 840 4347 succrescerelongum.

110 4361 272 4432 Suspiciens
287 4368 387 4430 turres,
401 4363 550 4435 Babylonis
564 4362 690 4434 suspicor
706 4379 791 4418 arces.

110 4450 163 4504 llas
177 4450 259 4518 aries,
276 4451 396 4520 testudo,
409 4451 521 4507 lalarica
536 4452 610 4524 )958)
624 4452 705 4506 vinea
715 4450 799 4507 lalces

961 2992 1133 3048 Eminetalta
1144 2994 1193 3049 tibi
1208 2994 1307 3051 domus
1322 2995 1368 3052 hic
1381 2997 1472 3052 studio
1488 2997 1643 3053 deoderici.
1661 3008 1662 3012 ’

962 3082 1008 3137 Set
1023 3098 1074 3138 nec
1093 3084 1203 3139 Martini
1223 3086 1350 3141 custodia
1365 3086 1454 3142 deluit
1469 3087 1531 3142 urbi

962 3175 1084 3249 Longius
1102 3177 1229 3244 astantis,
1243 3186 1285 3233 set
1298 3178 1334 3233 de
1347 3194 1433 3250 prope
1450 3189 1549 3235 cuncta
1563 3179 1677 3235 tuentis.

963 3267 1082 3323 Dedecet
1095 3269 1138 3324 bic
1152 3267 1274 3324 breviter
1285 3277 1311 3325 te
1333 3269 1436 3336 dicere,
1453 3270 1549 3327 Gorzia
1568 3279 1664 3326 mater.

964 3354 1136 3428 llliroraquae
1157 3357 1255 3411 ductus
1269 3373 1319 3412 sex
1337 3358 1451 3413 milibus
1465 3359 1573 3414 isse¹⁰⁰³
1587 3375 1751 3430 perarcus3·

966 3448 1062 3503 invisit
1073 3454 1186 3503 matrem
1203 3464 1265 3505 cum
1284 3448 1341 3504 lilia
1357 3450 1454 3506 Gorzia
1469 3450 1593 3517 blettim3

966 3537 1024 3594 Non
1038 3537 1084 3593 alti
1098 3545 1216 3605 montes,
1232 3556 1288 3596 non
1298 3541 1488 3614 imaedenique
1499 3543 1597 3610 valles,

966 3626 1179 3683 intercurrentis
1192 3644 1247 3684 non
1261 3629 1381 3701 impetus
1393 3630 1581 3700 ipsehlosellae

968 3717 1138 3789 lraepediere
1154 3719 1239 3786 viam3
1252 3720 1318 3791 quid
1328 3720 1383 3777 vidi
1400 3721 1546 3792 operosius
1559 3721 1705 3794 unquam?

967 3808 1017 3862 hrs
1032 3807 1157 3862 mittebat
1167 3823 1263 3879 aquas,
1275 3825 1343 3880 quas
1354 3815 1382 3866 tu
1392 3816 1488 3866 natura
1503 3812 1637 3884 negabas,
1699 3828 1702 3831 ’

967 3898 1061 3954 Donec
1073 3898 1201 3955 salanias
1220 3901 1294 3971 rupit
1312 3901 1436 3978 longaeva
1454 3911 1585 3960 vetustas.

968 3986 1086 4043 Laudem
1099 3996 1243 4045 structurae
1253 3992 1374 4047 retinent
1383 3993 1524 4066 hodieque
1536 3994 1634 4049 ruinae.

968 4075 1088 4131 Plurima
1099 4085 1248 4149 praetcreo;
1260 4096 1321 4152 quae
1334 4082 1568 4156 suntlongiuqua,
1585 4084 1723 4155 relinquo.

970 4166 1035 4231 Quis
1048 4168 1186 4223 describat
1195 4168 1306 4241 aquas?
1319 4171 1381 4242 quis
1396 4170 1496 4236 lantes,
1508 4171 1607 4243 quisve
1619 4170 1744 4227 salinas?

971 4258 1039 4313 Num
1055 4259 1257 4316 sileamSaliam
1268 4261 1282 4315 l
1295 4261 1407 4317 hloneor
1422 4278 1577 4318 memorare
1589 4262 1742 4318 Mosellam.

932 4329 1221 4409 DFontibusavariis
1242 4353 1402 4428 regionibus
1415 4363 1497 4426 atque
1517 4354 1630 4410 remotis

971 4441 1080 4517 Longos
1092 4458 1142 4513 per
1158 4449 1258 4497 tractus
1274 4442 1324 4496 tibi
1339 4452 1452 4498 currunt
1467 4442 1550 4498 odere
1569 4442 1685 4514 fruetus,

111 4539 265 4611 Numquam
304 4540 348 4595 vel
375 4539 476 4596 frustra
506 4540 643 4613 quatient,
678 4554 730 4594 nec
760 4538 824 4593 edet
849 4537 922 4593 mala
971 4534 1167 4607 implexasque
1184 4534 1363 4591 tuosalterno
1378 4535 1583 4603 littoremuros,

764 4627 884 4683 bamma.

111 4718 237 4791 Cumque
252 4719 349 4776 domos
363 4735 458 4789 cerno,
480 4720 602 4777 Romana
618 4718 718 4790 palatia
736 4628 830 4776 obedo.

45 4842 51 4849 -
111 4806 235 4880 Cumque
251 4817 315 4880 pcto
330 4814 459 4877 teatrum,
476 4819 543 4881 puto
555 4809 704 4864 Dedaleum
721 4809 918 4865 laberinthum.

112 4900 199 4971 Sique
210 4899 279 4956 situs
292 4899 406 4957 sormam
415 4908 536 4973 spectes,
548 4901 615 4973 quid
629 4900 772 4972 pulchrius
783 4900 922 4973 usquam?

973 4629 1003 4682 Et
1017 4627 1128 4682 tandem
1138 4626 1242 4696 junctis
1256 4626 1406 4683 miscentes
1420 4627 1619 4699 osculalabris,

971 4725 1041 4779 Dant
1055 4724 1141 4778 decus
1156 4730 1184 4778 ct
1198 4721 1326 4789 lructum,
1344 4730 1475 4794 praestant
1490 4725 1633 4781 munimen
1648 4733 1676 4783 et
1690 4745 1781 4785 usum.

974 4811 1044 4867 Usus
1058 4811 1106 4865 alit
1117 4817 1252 4879 ventrem,
1264 4811 1373 4881 species
1388 4821 1520 4879 mentem,
1535 4829 1620 4870 sonus
1635 4832 1739 4872 aurem.

975 4900 1167 4965 Quaenamtam
1180 4915 1292 4955 suavem
1308 4900 1488 4957 modulentur
1503 4902 1645 4975 hydraulia
1665 4909 1784 4968 voeomt

796 5032 906 5089 lellAE
922 5030 1109 5089 auctiones

155 5148 201 5184 ¹⁰⁰³
214 5164 276 5203 esse
291 5150 317 5203 l.

903 5247 1007 5308 ΝΟΜ.

153 5379 223 5449 (959)
236 5379 363 5434 Fortasse
374 5379 433 5450 ipse
448 5378 622 5455 Sigebertus.
640 5378 696 5450 (an.
712 5379 740 5433 iu
756 5377 815 5434 Vita
830 5377 944 5436 metrica
1035 5378 1108 5450 (958)
1122 5379 1207 5434 Arcus
1225 5379 1347 5451 grandis.

118 5450 257 5522 Sigeberti
278 5451 312 5505 lll
324 5450 354 5577 lg

153 5523 222 5593 tlibi,
234 5521 321 5588 ltalia,
357 5519 444 5589 icilia,
458 5519 560 5580 Africa.

1033 5449 1104 5522 (959)
1120 5449 1221 5506 llidaro
1233 5459 1275 5527 est
1290 5453 1393 5508 ducere
1412 5449 1515 5508 Gallice
1530 5465 1628 5508 meaer.
