3720 6014
149 147 202 205 asa
756 139 927 194 sicennam
946 135 1200 192 eruetaesusts
1227 116 1230 121 “
1763 127 1819 183 aas

150 276 235 332 cessit
243 275 333 331 eidem
348 272 465 327 Retroco
490 269 650 324 bellismum
666 277 795 334 castrum,
817 275 843 322 et
857 267 902 322 iiie
918 267 957 321 ie·
971 273 995 338 ,t
1010 280 1118 337 goram,
1135 261 1182 333 qui
1196 261 1367 316 Salvatorcm
1382 263 1506 313 nostrum
1522 253 1655 310 infantem
1683 246 1819 310 adorave-

151 370 188 424 cit
202 367 259 439 regi
275 372 387 435 propter
411 364 464 417 hoc
479 362 677 433 hommagium.
696 361 796 415 Fodenr
816 376 889 414 anno
904 361 957 414 ilo·
1011 360 1073 407 runi
1086 352 1113 406 in
1139 350 1291 413 Bethleem,
1320 349 1348 402 in
1375 346 1494 418 quadam
1518 344 1603 399 veleri
1623 342 1819 413 &bellatum

151 457 244 512 boeius
258 454 343 507 abbas
359 452 450 505 Sancti
466 450 616 510 hiiehaeiis,
635 449 783 504 meliorans
799 464 865 503 auro
879 455 906 502 ct
918 463 959 501 ar·
1009 443 1106 496 urbem
1123 437 1320 503 Mediolanum,
1333 443 1360 490 et
1376 434 1534 506 protimore
1550 432 1687 486 Frederici
1703 432 1819 501 impera

149 551 232 614 gente
243 542 361 612 quedam
376 540 516 610 antiquata
534 540 560 592 in
577 554 658 608 capsa
671 537 759 591 sancti
774 537 886 592 huberti
897 536 956 607 epi·
1009 534 1076 588 toris
1092 533 1313 594 Alamannorum,
1329 528 1376 598 qni
1386 527 1503 581 eandem
1519 523 1615 579 urbem
1630 524 1764 578 obsidere
1775 536 1817 579 se·

150 629 399 702 scopi,inrenitin
425 644 457 682 ea
487 625 758 697 ossaipsinssancti,
776 632 955 695 exceptoea-
1007 624 1111 689 aiebat,
1128 623 1217 676 lerata
1235 627 1262 675 et
1290 621 1317 673 in
1346 619 1456 673 ciuitate
1484 617 1583 688 posita.
1607 615 1817 669 iiaiduinusres

151 720 217 791 pite,
233 718 307 789 quod
329 734 378 789 per
396 722 595 771 sereservatnr
621 715 648 768 in
672 715 768 768 eadem
795 714 954 768 ecciesiain
1004 714 1243 770 ierosolimitanus
1256 711 1331 781 cepit
1350 726 1433 780 snper
1447 724 1570 779 paganos
1599 706 1742 761 Cesaream
1758 721 1815 759 ma·

150 823 214 862 vase
229 815 371 880 argenteo.
389 805 494 858 latrenit
509 804 591 858 ctiam
602 819 664 858 cnm
675 802 773 858 eodem
785 817 900 871 corpore
914 801 956 855 iit·
1005 824 1086 880 gnam
1098 806 1246 868 Palestine,
1263 805 1329 858 itant
1345 801 1439 873 procui
1454 801 1534 855 sitam
1550 800 1584 854 ab
1600 798 1746 853 Antiochia
1771 797 1814 852 te-

149 904 223 953 ieras
236 897 414 953 testificantes
429 896 456 948 id
472 895 573 965 ipsunt,
589 905 616 949 ci
627 895 764 965 quantiam
780 893 901 946 tabulatu
916 893 956 945 t'i·
1007 898 1046 968 pit
1059 897 1141 951 etiam
1152 902 1273 950 castrum
1290 894 1405 959 ilarenc,
1429 890 1504 962 quod
1531 889 1739 946 commendavit
1756 889 1817 942 ilai·

152 993 206 1048 ridi
230 992 375 1047 maranoris
402 992 444 1043 ⁶¹¹.
476 990 635 1060 licpositum
663 999 704 1043 est
733 989 832 1043 iterum
859 1004 960 1058 corpus
1012 984 1398 1041 naidodeSanctoVaterico.

152 1078 703 1152 beaticoni'essorisetepiscopihuberti
721 1077 960 1146 ineademcapsa
1045 1079 1125 1133 tteo.
1237 1078 1391 1132 Frcdcrdcus
1417 1076 1444 1129 8.
1554 1075 1702 1128 ladovicus
1720 1072 1767 1127 Ὦ.

152 1174 181 1228 in
202 1174 290 1228 tribus
305 1172 441 1245 ligaturis,
458 1178 484 1225 et
499 1187 628 1235 marinos,
644 1178 670 1224 et
698 1176 778 1225 retus
794 1169 878 1223 breue
898 1185 959 1223 cum
1120 1146 1130 1164 ’
1329 1166 1457 1219 heriricus
1475 1164 1504 1218 5.

151 1278 232 1327 novo,
252 1262 344 1331 inquo
358 1260 503 1324 indicatur,
520 1260 571 1312 snb
588 1274 642 1329 qno
672 1274 747 1313 anno
763 1257 901 1313 dominice
918 1259 959 1311 in·
1047 1261 1101 1314 ilex
1117 1261 1150 1294 ⁶¹¹
1165 1258 1297 1313 iieurieus
1311 1257 1368 1328 egit
1383 1255 1576 1311 solennitatem
1595 1252 1696 1307 natalis
1712 1253 1818 1307 Domini

148 1349 318 1406 carnationis
333 1355 360 1403 et
375 1362 457 1418 aquo
471 1347 570 1400 abbate
584 1345 795 1416 repositnmluit
807 1351 872 1400 tnnc
885 1346 956 1399 idem
1009 1364 1071 1403 cum
1085 1349 1180 1419 regina
1200 1348 1311 1401 alienor
1322 1346 1396 1416 apud
1413 1344 1517 1399 Cesaris
1531 1345 1650 1416 Burgum
1666 1342 1753 1412 (629),
1764 1358 1818 1412 quo

146 1455 256 1510 corpus.
274 1439 376 1493 Eodem
392 1453 465 1492 anno
481 1438 593 1491 irruente
603 1442 666 1490 sunt
677 1451 794 1505 corpora
806 1435 886 1489 trium
903 1452 959 1490 ma·
1009 1439 1092 1508 paulo
1108 1445 1170 1493 ante
1187 1437 1411 1492 transfretaverat
1439 1435 1467 1488 in
1493 1433 1699 1489 Normanniam.
1717 1432 1817 1486 beriri-

827 1535 936 1591 tauta
956 1536 1135 1592 boemones

181 1640 213 1674 ⁶¹¹
243 1637 291 1692 llic
318 1640 348 1692 ia
382 1638 410 1692 F.
433 1638 493 1692 duca
526 1637 606 1690 linea
638 1651 729 1690 crassae.
769 1635 871 1690 Eodem
906 1650 978 1689 anno
1010 1667 1039 1674 -
1074 1651 1174 1706 corpus
1207 1636 1302 1690 desunt
1334 1636 1380 1700 8b,
1409 1635 1456 1687 8d.
1487 1634 1533 1687 8h.
1564 1633 1598 1667 ⁶¹²
1626 1633 1819 1687 Hartcoannm

145 1712 186 1765 ito
223 1710 331 1764 eahihet
377 1710 423 1781 ag.
471 1714 535 1763 teste
580 1710 696 1776 Bonpnct
733 1725 738 1758 :
769 1709 846 1761 hatto
877 1707 958 1774 iib‘d,
991 1723 1037 1761 rex
1066 1710 1104 1760 aa
1128 1709 1214 1762 iorum
1248 1707 1380 1762 henricus
1417 1706 1445 1759 in
1475 1704 1556 1759 natali
1593 1703 1701 1759 Domini
1733 1705 1820 1758 tenuit

147 1781 252 1836 curiam
287 1796 364 1833 snam
411 1781 485 1851 apud
533 1780 717 1859 Cheresbnrg,
757 1788 787 1831 ut
830 1784 935 1831 tantum
972 1793 1064 1850 regem
1108 1725 1236 1844 becchet,
1269 1794 1329 1833 cnm
1365 1792 1465 1848 magno
1498 1774 1626 1831 videlicet
1654 1774 1820 1898 ¹‘principum

146 1852 275 1907 comitatu
318 1851 399 1905 ilirca
423 1859 534 1905 octavas
567 1849 725 1919 epiphaniae
758 1846 917 1902 Thebaidos
947 1849 1096 1920 episcopus
1129 1850 1302 1915 Parisiensis,
1331 1850 1397 1904 oiim
1427 1849 1501 1918 prior
1532 1845 1624 1900 Sancti
1679 1845 1762 1900 artini
1789 1845 1821 1900 dc

147 1922 267 1993 Campis,
289 1922 348 1976 'nra
381 1922 477 1977 mortis
512 1921 574 1991 prins
609 1929 687 1990 prater
723 1919 849 1983 exsolvit,
882 1925 909 1974 ct
954 1920 1073 1974 cessavit
1106 1921 1283 1990 episcopatus
1313 1918 1525 1989 aliquantulum.
1562 1916 1692 1988 Deposito
1721 1915 1821 1971 abbate

148 1993 241 2048 Sancti
263 1941 378 2057 Ebrniii,
393 1992 532 2063 preficitur
561 1991 649 2045 abhas
665 1991 790 2057 ejusdem
807 1990 860 2045 ioci
885 1990 1021 2046 bobertus
1048 1991 1082 2045 de
1107 1992 1244 2057 blancam,
1261 1992 1414 2045 monachus
1435 1989 1589 2051 Beccensis,
1606 1989 1694 2059 prima
1710 1986 1821 2042 hebdo-

148 2067 229 2120 mada
241 2066 462 2136 septuagesimae.
475 2063 608 2117 ilenricns
619 2078 664 2116 rex
680 2064 839 2131 angiorum,
853 2061 974 2116 intrante
1003 2063 1222 2143 quadragesima,
1249 2079 1312 2117 cum
1337 2061 1516 2131 optimatibus
1529 2060 1586 2114 suis
1600 2059 1721 2128 perrexit
1732 2073 1819 2129 usque

148 2136 317 2191 Pictarorunt
341 2135 449 2195 urbem,
464 2144 627 2205 accepturus
650 2133 808 2197 consilinm,
834 2141 863 2186 ut
878 2133 984 2187 Tolosae
1013 2134 1133 2187 ciuitatis
1162 2134 1217 2187 sibi
1237 2135 1369 2187 subderet
1386 2133 1549 2192 dominium,
1564 2146 1648 2201 qnam
1664 2129 1820 2184 Pietatien·

148 2208 221 2261 sium
235 2207 386 2273 ducesjure
403 2206 653 2261 hereditatisantea
670 2203 859 2274 possederant.
878 2202 932 2257 Sed
944 2203 1009 2274 quia
1024 2217 1118 2258 comes
1133 2205 1219 2259 sancti
1238 2205 1336 2279 ngdii,
1360 2205 1407 2274 qni
1428 2218 1551 2258 sororem
1568 2202 1641 2273 regis
1655 2199 1819 2256 Francorum

149 2277 336 2333 Constantiam
358 2278 474 2332 duxerat
488 2285 515 2331 et
536 2286 591 2331 tres
605 2291 707 2346 pueros
732 2290 762 2328 es
779 2290 812 2328 ea
836 2283 1006 2345 susceperat,
1030 2275 1057 2328 in
1082 2275 1400 2330 munitionihosTolosar
1415 2273 1543 2338 civitatis,
1563 2288 1625 2343 qnae
1642 2270 1820 2333 multaesnnt,

150 2348 304 2414 conlidens,
317 2355 345 2403 ct
357 2350 431 2415 regis
443 2349 607 2403 Francorum
623 2346 723 2401 anxilio
747 2344 843 2410 l'retus,
867 2345 1060 2416 obtemperare
1089 2347 1178 2401 noluit
1195 2365 1201 2399 ε
1216 2348 1289 2417 apud
1311 2347 1447 2400 civitatem
1464 2345 1635 2399 Turonorum
1651 2344 1685 2396 ab
1704 2353 1821 2412 utroque

150 2419 521 2492 regesnperhocceiebrato
541 2417 670 2482 concilio,
691 2432 746 2471 non
762 2423 932 2488 congruente
949 2416 1092 2488 utriusque
1109 2418 1257 2483 soinrttati,
1283 2417 1414 2471 linario-us
1441 2431 1487 2469 rex
1507 2414 1655 2488 angiorum
1671 2415 1822 2468 exereitum

151 2491 254 2562 ingliae
270 2499 298 2544 et
314 2491 497 2552 Normanniae,
510 2489 752 2545 tinoraaneasturn
768 2494 794 2540 et
814 2488 1035 2558 andegavorum,
1050 2489 1261 2558 aquitanorum,
1284 2488 1435 2542 Wasconitu
1451 2494 1478 2540 et
1494 2486 1645 2548 Britonnm,
1662 2485 1696 2538 ad
1718 2484 1824 2539 testivi-

152 2569 234 2616 tatem
243 2561 329 2613 sancti
343 2560 478 2615 initannis
493 2560 618 2632 baptista
641 2559 714 2629 apud
732 2558 903 2612 Pictarorum
919 2559 1016 2613 urbem
1032 2561 1195 2633 congregari
1219 2561 1362 2631 precepit;
1379 2560 1412 2612 de
1426 2557 1555 2612 omnihus
1570 2555 1781 2626 episcopatibus
1795 2563 1822 2610 et

152 2630 271 2685 abbatiis
286 2631 478 2700 praedictarum
494 2630 694 2700 provinciarum
708 2628 845 2683 inlicitam
862 2629 1003 2699 accipiens
1022 2631 1179 2700 pecuniam,
1195 2639 1224 2685 ut
1246 2630 1377 2685 videlicet
1392 2637 1497 2684 tantum
1516 2627 1667 2682 exercitum
1685 2626 1760 2681 circa
1775 2643 1823 2681 ur·

152 2702 215 2756 hem
233 2702 383 2770 predictam
408 2718 503 2775 regere
534 2709 626 2772 posset
655 2717 741 2771 nsque
768 2700 868 2754 festum
898 2701 1022 2754 omnium
1039 2710 1206 2757 sanctorum.
1225 2703 1314 2756 Pridie
1330 2703 1420 2756 donas
1434 2700 1494 2754 llaii
1509 2698 1654 2754 combusta
1667 2705 1710 2752 est
1725 2698 1822 2753 civitas

153 2773 373 2844 Rotomagensis,
385 2775 438 2827 ilex
456 2775 601 2847 angiorum
618 2772 751 2826 ilenricus
770 2788 831 2825 cum
855 2786 955 2842 magno
972 2773 1093 2826 exercitu
1109 2774 1274 2843 optimatum
1290 2789 1402 2827 suornm
1419 2770 1470 2824 init
1485 2771 1519 2825 ad
1535 2769 1633 2824 t'estnm
1650 2769 1822 2825 ascensionis

151 2843 260 2898 Domini
276 2844 350 2897 etad
365 2845 733 2914 solemnemprocessionem
752 2851 778 2895 et
791 2842 901 2895 missam
919 2842 991 2912 apnd
1015 2843 1145 2907 beccam,
1166 2850 1192 2898 et
1207 2861 1333 2915 comper
1349 2851 1402 2898 tres
1418 2843 1477 2897 dies
1493 2841 1529 2895 ibi
1546 2848 1710 2903 moraretur,
1729 2856 1821 2895 reces-

152 2915 187 2969 sit
209 2914 399 2989 llotomagum.
416 2917 442 2969 8.
455 2915 645 2979 idaslnniii.
661 2913 719 2979 οἰδ,
735 2914 805 2966 inter
826 2928 918 2984 rogem
934 2913 1098 2968 Francorum
1113 2922 1140 2968 et
1155 2932 1247 2989 regem
1273 2916 1432 2986 angiorum,
1449 2920 1475 2966 ct
1492 2913 1639 2983 episcopos
1656 2921 1684 2965 ct
1701 2910 1821 2965 barones

152 2986 294 3056 utriusque
309 2987 403 3056 partis,
421 2986 450 3041 tit
465 2987 611 3042 collocatio
627 2985 701 3056 apud
717 2983 873 3047 liiiiiricort,
889 2985 922 3037 de
934 2986 1167 3040 contentionibus
1184 2985 1324 3048 videlicet,
1340 3001 1408 3066 qaas
1423 2985 1494 3038 inter
1506 3000 1537 3037 se
1548 2999 1630 3053 snper
1645 2982 1821 3037 matrimonio

153 3056 258 3112 sobolis
274 3074 331 3112 suae
342 3067 423 3112 antea
439 3058 603 3122 habuerant,
620 3066 647 3110 et
657 3056 691 3108 de
702 3055 824 3108 «exercitu
837 3053 908 3178 regis
919 3055 1066 3128 anglorum
1076 3057 1200 3111 Tolosam
1215 3056 1298 3111 ituro.
1309 3056 1357 3111 Ubi
1367 3057 1400 3110 ad
1416 3056 1589 3110 concordiam
1606 3069 1661 3108 non
1674 3061 1822 3120 venerant,

152 3128 218 3198 quia
233 3143 278 3182 rex
294 3128 458 3184 Francorum
475 3128 587 3181 nolebat
601 3125 766 3189 concedere,
784 3132 814 3179 ut
827 3125 863 3179 To
876 3141 951 3180 osam
967 3127 1113 3195 acciperet,
1132 3139 1245 3198 propter
1260 3144 1382 3183 sororem
1399 3143 1476 3181 suam
1493 3133 1519 3181 et
1535 3135 1661 3196 nepotes.
1675 3125 1820 3189 Quoddam

152 3215 240 3272 genus
260 3199 408 3264 latronum,
424 3200 567 3254 retroactis
583 3197 753 3267 temporibus
767 3195 1049 3262 inauditum,iniestat
1064 3199 1187 3270 angliam
1202 3200 1253 3253 snb
1266 3197 1661 3271 habitureligionis3gerentas
1672 3195 1823 3251 enimseut

153 3268 1093 3336 monachi,riatorihns,dnminaui'ractibusviarnmetnemornm
1122 3278 1196 3336 snut,
1226 3270 1387 3335 deveniunt,
1417 3270 1530 3339 suisque
1549 3267 1618 3322 i'acto
1640 3266 1822 3332 senescens,

153 3356 201 3396 eos
216 3341 390 3407 interimunt,
401 3342 531 3397 denarios
541 3357 635 3395 eoram
649 3338 771 3408 etspoiia
786 3338 959 3409 diripientes.
977 3339 1134 3395 hlaicoimns
1149 3358 1192 3395 rea
1220 3342 1318 3397 Scotite
1334 3358 1396 3396 cum
1412 3341 1447 3393 id
1472 3339 1589 3394 naribus
1618 3339 1660 3392 t't.
1679 3337 1736 3392 ttat.
1755 3337 1825 3393 tulit

154 3411 337 3467 transfretavit
360 3413 385 3466 in
400 3413 595 3468 diorrnanniam
611 3429 618 3476 ;
634 3412 680 3482 qni
697 3410 760 3465 dnm
778 3425 865 3481 usqne
879 3410 1048 3465 Pictarorum
1077 3411 1184 3478 urbem,
1203 3413 1249 3466 uhi
1264 3429 1292 3466 rc
1315 3413 1337 3466 is
1350 3410 1501 3486 ,lngiorem
1517 3410 1653 3468 exercitus
1668 3424 1820 3484 congrega-

153 3482 242 3547 batur,
251 3483 403 3547 deveniret,
416 3485 449 3537 ab
462 3485 559 3538 eodem
573 3499 636 3556 rege
657 3479 808 3536 honorilice
823 3488 968 3551 susceptus
989 3493 1030 3537 ost
1058 3484 1113 3538 ilex
1129 3484 1276 3538 ‚inviarum
1291 3429 1425 3538 Tauricas
1448 3489 1509 3551 post
1522 3481 1620 3535 Festum
1633 3481 1658 3535 S.
1682 3479 1820 3535 iohannis

154 3554 441 3624 Baptistaeexereitnm
456 3572 537 3610 snum
560 3553 696 3624 promovit
720 3553 919 3607 aPictavorum
949 3553 1029 3615 urbo,
1049 3570 1136 3625 iisqne
1162 3530 1227 3609 dam
1249 3555 1468 3626 propinquarent
1482 3552 1586 3607 Tolosae
1601 3550 1722 3616 ciuitati;
1739 3551 1819 3620 cujus

152 3624 289 3681 exercitus
299 3627 528 3699 magnitudinem,
543 3626 683 3681 divitiaset
703 3625 837 3678 feritatem
851 3638 906 3678 non
921 3631 963 3678 cst
975 3632 1077 3679 nostrae
1091 3627 1232 3695 parvitatis
1244 3626 1380 3681 evolvere.
1397 3625 1436 3678 hla
1458 3625 1522 3679 ister
1536 3625 1632 3677 Petrus
1649 3621 1814 3695 Langobar·

153 3698 214 3762 dns,
229 3696 271 3750 vir
283 3711 390 3770 magnae
414 3699 538 3753 scieritim
552 3705 579 3751 et
603 3713 686 3765 snper
713 3695 908 3748 parisiensium
924 3695 1051 3750 doctores
1069 3697 1251 3756 admirabilis,
1261 3697 1365 3752 electus
1381 3704 1423 3751 est
1438 3671 1772 3764 Farrisiensiscpiscopns,
1788 3702 1816 3747 et

152 3773 276 3821 sacratus
294 3768 366 3822 circa
386 3766 485 3821 sestam
503 3767 691 3838 apostoloram
721 3766 791 3819 Petri
818 3772 843 3817 et
871 3765 956 3818 Pauli.
984 3764 1058 3822 Circa
1081 3769 1191 3823 easdem
1208 3779 1318 3822 octavas
1336 3768 1489 3821 ladovicus
1508 3783 1553 3819 rex
1571 3765 1738 3820 Francorum
1754 3779 1816 3819 cnm

153 3837 377 3907 regehngiorum
387 3837 556 3907 colloquium
580 3837 685 3899 habuit,
702 3836 736 3889 de
756 3835 907 3890 obtinenda
931 3835 1061 3893 videlicet
1084 3855 1153 3909 pace
1167 3855 1229 3893 cum
1240 3839 1341 3894 comite
1362 3837 1453 3892 Sancti
1466 3837 1563 3911 Egidii,
1577 3851 1663 3906 prope
1680 3835 1816 3890 Tolosam.

152 3906 207 3962 Sed
218 3921 280 3960 cum
292 3907 358 3960 nihil
373 3907 448 3976 pacis
464 3908 610 3961 obtentum
627 3906 732 3970 luisset,
749 3911 809 3960 orta
824 3905 894 3959 inter
917 3920 966 3960 cos
991 3908 1129 3964 simultate
1154 3915 1181 3964 ct
1205 3917 1288 3964 tanta.
1303 3909 1478 3964 retrohabita
1492 3909 1566 3978 pacis
1577 3906 1730 3973 discordia,
1748 3907 1820 3962 tnaio

153 3976 239 4032 totins
250 3977 344 4045 patriae
360 3978 394 4030 ab
410 3977 541 4032 alterutro
556 3977 638 4031 divisi
657 3983 730 4031 sunt.
748 3976 803 4030 ilex
818 3976 902 4050 igitur
925 3978 1088 4034 Francorum
1114 3981 1227 4035 intravit
1245 3981 1380 4045 Tolosam,
1409 3980 1461 4034 sibi
1479 3977 1663 4047 etnepotibus
1678 3979 1736 4032 suis
1750 3992 1824 4032 con·,

153 4063 258 4102 cessam
276 4065 283 4111 3
300 4047 406 4118 luitque
426 4048 462 4101 ibi
479 4048 588 4102 assidue
608 4064 669 4102 cnm
690 4048 815 4115 ejusaem
832 4048 942 4114 comite,
957 4052 1089 4121 quamdin
1106 4068 1151 4106 rex
1164 4052 1311 4126 litigiorum
1327 4052 1427 4106 mansit
1442 4052 1469 4104 in
1488 4050 1638 4121 prouincia.
1658 4050 1713 4103 ilex
1726 4057 1821 4104 autem

154 4118 312 4189 bogiorum,
324 4135 435 4174 suornm
452 4120 605 4190 principum
622 4135 686 4173 usus
701 4119 827 4183 consilio,
852 4119 939 4173 noluit
954 4137 1046 4193 regem
1059 4122 1187 4178 obsidere
1202 4141 1209 4186 ;
1225 4124 1274 4176 sed
1293 4123 1404 4177 castella
1419 4122 1612 4191 circumposita
1627 4120 1775 4188 obsidens,
1792 4119 1819 4174 in

154 4188 230 4243 brevi
240 4189 370 4256 obtinuit,
391 4198 418 4245 et
432 4191 762 4261 unit'ersamprovinciam
778 4189 972 4246 miserabiliter
991 4194 1117 4259 vastavit,
1146 4200 1173 4247 et
1199 4195 1272 4263 cepit
1291 4194 1408 4248 lientem
1426 4194 1544 4265 regalem
1565 4199 1593 4246 et
1609 4191 1750 4246 ciuitatem
1772 4191 1822 4244 Ca·

156 4261 624 4333 itorscnmsubjacentiprotincia.
641 4263 741 4333 lnqna
776 4261 918 4333 provincia
946 4271 1007 4333 post
1035 4281 1173 4320 recessum
1189 4281 1267 4320 snum
1285 4266 1490 4320 multitudinem
1506 4280 1634 4334 magnam
1652 4269 1820 4317 armatorum

156 4331 271 4397 dimisit,
292 4335 327 4388 ad
341 4333 548 4388 custodiendam
568 4350 629 4388 eam
645 4342 673 4389 et
687 4346 779 4388 cetera
804 4333 915 4387 castella
930 4351 992 4405 quae
1007 4343 1128 4404 ceperat,
1169 4352 1265 4390 uorum
1286 4338 1340 4391 dux
1357 4335 1541 4392 cancellarius
1558 4333 1825 4408 1·egisiuit.dudita

157 4403 165 4458 i
186 4404 240 4458 itur
255 4405 397 4475 utriusque
413 4406 485 4480 regis
506 4407 656 4468 discordia,
688 4405 781 4459 Franci
807 4412 833 4459 et
849 4404 998 4460 Normanni
1026 4353 1220 4462 miserabiiiter
1233 4415 1454 4481 contpngnarunt
1472 4407 1499 4460 in
1516 4405 1637 4460 confinio
1658 4405 1779 4459 Franciae
1795 4413 1824 4458 et

178 4477 338 4531 orrnanniae.
356 4477 430 4531 'lunc
443 4493 536 4532 comes
549 4475 733 4541 Theobaidus,
749 4476 796 4547 qni
816 4483 874 4529 erat
889 4475 917 4529 in
930 4476 1096 4544 adiutorium
1119 4478 1191 4551 regis
1212 4479 1370 4550 anglorum,
1390 4479 1453 4532 iecit
1470 4479 1493 4531 ei
1516 4476 1682 4541 honriniam,
1702 4482 1729 4531 et
1741 4475 1821 4544 jussu

158 4547 232 4620 regis
247 4547 388 4616 repedavit
404 4549 431 4601 in
447 4548 596 4614 Franciarn,
613 4556 647 4609 ad
662 4564 715 4617 ang
726 4554 839 4601 iteratum
856 4546 959 4601 doloris
970 4548 1144 4603 Francorum.
1163 4549 1291 4603 liniendis
1310 4549 1421 4622 augusti
1434 4547 1612 4602 linirentusde
1627 4547 1704 4601 born
1721 4546 1821 4618 burgo,

156 4617 348 4672 vicedominus
358 4619 490 4673 incedens
510 4620 544 4673 dc
560 4626 615 4674 tota
630 4618 805 4681 hermeneia,
835 4617 876 4671 vir
892 4634 997 4690 magnae
1013 4620 1166 4690 prudentiae
1197 4627 1223 4675 ct
1244 4621 1385 4686 bonitatis,
1402 4620 1534 4674 multatus
1547 4617 1720 4680 infirmitate,
1735 4616 1823 4672 iactus

158 4694 201 4742 est
213 4690 365 4742 monachus
380 4690 522 4744 ileecensis
534 4690 668 4752 ecclesiae,
685 4705 733 4742 sna
744 4688 837 4743 oninia
850 4691 969 4758 propria,
986 4706 1048 4762 quaa
1060 4708 1157 4764 magna
1177 4692 1296 4758 inerant,
1321 4691 1397 4761 prins
1416 4691 1584 4762 paoperibus
1599 4689 1712 4762 largiter
1726 4687 1824 4742 distri·

159 4755 283 4813 bnans...
311 4759 328 4814 3
354 4758 410 4813 lial.
421 4761 495 4830 Sept.
507 4761 577 4814 obiit
592 4761 727 4815 iioircrtns
743 4760 777 4813 dc
792 4760 867 4814 Noto
880 4760 979 4832 burgo,
995 4763 1041 4832 qiu
1056 4764 1073 4815 5
1088 4764 1143 4818 t'ere
1165 4763 1386 4819 hebdomadibus
1401 4762 1553 4816 monachus
1568 4761 1691 4814 existens
1706 4759 1825 4815 Bencen-

159 4827 207 4893 sis,
223 4843 280 4882 sum
295 4828 469 4885 abstinentia
481 4832 661 4898 admirandae,
677 4829 820 4906 religionis
834 4838 860 4884 ct
874 4830 1003 4885 virtutum
1018 4835 1141 4889 onmium
1162 4835 1189 4887 in
1207 4834 1292 4888 breui.
1306 4834 1353 4891 nai
1364 4833 1475 4899 uirtute,
1492 4832 1594 4886 ditatus
1609 4829 1742 4901 suspitio,
1759 4845 1821 4884 ont-

162 4898 242 4952 nibns
255 4898 379 4954 ecciesiae
399 4902 549 4969 majoribus
579 4904 651 4957 irene
678 4902 786 4956 vivendi
811 4901 923 4972 reliquit
938 4904 1106 4974 exemplum,
1123 4921 1183 4959 curn
1205 4914 1286 4959 antea
1303 4905 1389 4966 dives,
1409 4921 1482 4958 nnttc
1501 4903 1612 4975 quidem
1631 4901 1827 4983 pauperrimus

162 4969 540 5026 iactnscstchristianorum.
567 4973 695 5027 Kalendis
718 4972 888 5042 Septembris
921 4974 1056 5028 Adrianus
1082 4993 1151 5046 papa
1179 4975 1307 5030 uniuersa
1329 4976 1418 5030 carnis
1436 4976 1578 5049 ingressus
1602 4980 1644 5027 est
1669 4987 1740 5027 ctam
1759 4972 1827 5038 ;cui

161 5041 295 5096 successit
307 5040 454 5096 iloiiandus
470 5043 649 5098 cancellarius
661 5044 789 5099 Romana
801 5044 944 5108 aecclesiae,
955 5045 1001 5116 qui
1014 5051 1040 5098 ct
1059 5047 1211 5101 allexander
1227 5048 1336 5108 dicitur,
1359 5049 1422 5101 riom
1440 5042 1551 5117 qnidam
1567 5045 1600 5098 de
1613 5045 1688 5099 ciero
1699 5042 1826 5098 Octavia-

161 5126 227 5165 num
238 5112 404 5167 cardinalem
420 5114 607 5184 presbyterum
628 5114 839 5186 elegisscrrt;qni
856 5121 882 5168 et
894 5115 984 5170 Victor
1004 5115 1158 5171 diciiur.....
1174 5118 1250 5172 Circa
1271 5118 1370 5172 lustum
1392 5121 1418 5172 S.
1440 5117 1579 5171 hiicimeiis
1600 5131 1645 5168 rex
1664 5114 1823 5185 angiorum,

161 5198 272 5237 suorum
291 5183 445 5253 principum
460 5200 525 5238 usus
536 5185 662 5251 consilio,
677 5201 738 5240 cnm
752 5185 873 5240 exercitu
886 5201 935 5239 sno
964 5185 999 5240 ad
1016 5189 1126 5256 propria
1141 5189 1287 5259 repedans,
1316 5188 1522 5260 ilstrepeneium
1544 5188 1618 5255 justa
1634 5185 1728 5240 Gisorz
1739 5183 1825 5241 obiic-

162 5253 256 5334 mavit,
272 5256 346 5326 qnod
362 5271 408 5309 res
423 5255 544 5310 Francia
557 5263 637 5310 antea
650 5256 782 5311 diruerat.
807 5257 972 5321 decedente,
993 5266 1023 5311 ut
1046 5259 1211 5324 dictumest,
1244 5276 1308 5331 rege
1333 5262 1480 5334 largiorem
1495 5275 1509 5312 a
1523 5258 1653 5328 praedicta
1668 5257 1825 5327 prouincia,

163 5332 351 5380 continnorex
368 5325 533 5382 Francorum
550 5327 706 5397 repeditans
720 5327 754 5380 ad
772 5328 891 5397 propria,
907 5327 942 5381 de
958 5329 1162 5385 ecclesiisetde
1179 5339 1250 5385 terra
1271 5349 1319 5385 sna
1335 5336 1448 5386 multam
1464 5329 1570 5400 accepit
1591 5327 1747 5400 pecuniam.
1763 5326 1826 5381 Om-

163 5409 213 5447 nes
232 5396 337 5450 interea
348 5397 472 5452 ecetestae
483 5398 625 5469 utriusque
640 5398 734 5468 patrias
748 5399 856 5453 enixius
875 5397 1028 5453 inuadebant
1051 5418 1147 5472 preces
1159 5402 1193 5456 ad
1214 5403 1369 5467 bominum,
1385 5401 1520 5457 utamhos
1536 5416 1615 5475 reges
1629 5399 1663 5453 ad
1678 5398 1826 5470 pristinam

164 5479 258 5533 pacem
276 5467 427 5523 reduceret.
437 5469 559 5523 audiens
574 5470 657 5542 igitur
671 5485 717 5523 rex
735 5469 908 5538 Francorum,
941 5485 1033 5594 regem
1059 5473 1207 5546 angiorum
1223 5474 1411 5544 supradictum
1427 5471 1571 5529 castelium
1598 5468 1775 5539 obfirmasse,
1791 5469 1827 5527 ti·

907 5558 910 5563 ’
942 5540 960 5592 N
985 5541 1045 5596 TAE.

202 5603 270 5674 (629)
289 5606 458 5681 Cherhourg.
