3720 6014
167 193 202 249 63
762 189 931 252 SlGEllb'llfll
953 191 1198 248 GElllBLllCENSlS

1760 211 1812 265 llil

217 329 394 373 ιιοιιιιιοιιιιιι.
469 327 641 367 ιιιιιιιοιιιιιι.
716 329 869 370 aseuoaun.
959 317 1124 388 Alietoris,
1141 321 1175 374 de
1191 337 1246 392 qua
1261 323 1380 379 ecelesia
1410 325 1535 382 ordinem
1549 339 1742 403 susceperunt.
1758 333 1811 390 Lu-

142 404 311 463 auctoritatis
337 407 364 456 et
385 400 526 475 dignitatis
555 400 616 468 riri,
652 401 756 469 Franci,
787 404 947 469 Nor-manni,

140 498 230 571 Angli,
256 503 283 550 et
301 493 337 548 de
364 492 426 547 aliis
455 492 617 566 regionibus
648 493 874 560 innumerabiles,
892 509 946 548 non

139 588 230 643 solum
244 584 348 638 milites
374 581 488 648 etlaiei,
509 581 557 635 sed
583 581 663 636 etiam
693 582 826 654 episcopi,
843 582 948 650 elerici,

142 677 283 743 monaehi,
307 691 416 731 erucem
441 674 468 728 in
493 674 615 729 humeris
638 681 823 741 assumentes
849 675 949 730 adiler

138 770 391 827 ierosolimitanam
403 784 432 822 se
444 773 671 838 preparaverunt.
694 767 750 822 llex
760 775 850 823 autem
861 767 947 821 Fran·

139 878 244 928 eornm,
260 859 429 916 etllobertus
453 856 615 925 hetereius,
639 865 666 912 et
691 857 837 913 canfridus
857 874 950 913 eomes

66 989 80 997 -
139 952 272 1019 ldellenii,
285 951 367 1006 etalii
381 950 469 1010 multi,
484 949 736 1024 iuxlaVigeliaeum
751 951 797 1005 die
810 949 949 1005 dominica

140 1045 169 1100 in
182 1044 265 1099 ramis
287 1043 441 1114 palmarum
464 1057 574 1097 crucem
603 1052 824 1114 assumpserunt.
847 1044 950 1098 Torna-

139 1131 363 1190 eensiseeelesia
390 1133 464 1202 cepit
489 1132 593 1187 habere
617 1132 759 1202 proprium
775 1130 949 1202 pontificem,

140 1245 203 1284 cum
217 1244 232 1283 a
244 1235 365 1299 tempore
376 1226 463 1280 sancti
484 1226 564 1298 arigii
591 1226 642 1281 sub
664 1225 874 1300 Noviomagensi
888 1225 949 1296 epi·

139 1336 223 1392 scorto
237 1318 569 1396 egissetbuxcaulridus
589 1324 663 1373 sarta
685 1325 756 1374 teeta
778 1319 861 1374 turris
890 1320 947 1375 llo·

141 1416 330 1489 thomagensis
344 1421 373 1471 et
386 1415 502 1481 castelli,
520 1415 809 1486 qneperobsidienem
821 1422 947 1487 correpta

139 1505 257 1569 fuerant,
283 1505 416 1560 decenter
441 1510 584 1559 restaurat.
613 1504 669 1559 Rex
694 1504 828 1578 hogerius
853 1504 946 1560 Sicilie

140 1597 334 1669 Tripolitanum
357 1597 527 1667 provinciam
545 1596 574 1650 in
588 1594 685 1650 affrica
712 1612 797 1667 super
824 1611 947 1672 paganos

139 1689 220 1759 cepit.
237 1690 366 1745 inventus
390 1694 432 1742 est
460 1684 534 1742 buffo
559 1703 631 1742 unus
651 1687 812 1743 inclususin
827 1702 948 1744 concavo

139 1782 243 1853 lapide,
264 1782 291 1837 in
316 1797 393 1837 muro
418 1779 603 1836 Cenomannis
624 1779 742 1835 civitatis
758 1796 830 1852 3qu0
846 1781 947 1848 occiso,

138 1875 448 1932 buffonesiniramenia
466 1874 567 1930 exinde
583 1874 706 1940 luerunt,
727 1891 789 1930 eum
813 1881 895 1931 antea
909 1875 947 1930 ihi

139 1979 280 2034 nunquam
291 1963 342 2019 visi
368 1962 484 2018 tuissent
506 1963 551 2018 ⁵⁷¹.
572 1963 652 2018 Facta
678 1969 719 2018 est
747 1962 866 2035 eclypsis
881 1963 949 2019 solis

138 2053 563 2124 bllalendasNovembrislhil'l).

174 2146 253 2203 1146.
272 2145 371 2220 [ltin]
395 2147 536 2204 conrados
555 2147 582 2200 9.
656 2146 809 2202 Ledeuieus
828 2145 856 2202 9.

435 2237 588 2306 Stephanus
603 2235 646 2289 ll.

174 2328 232 2399 (lt.)
252 2329 307 2386 ilex
336 2328 494 2398 Stephanus
512 2326 547 2381 ad
575 2327 667 2381 natale
694 2325 802 2381 Domini
820 2326 846 2380 in
879 2324 946 2380 urbe

138 2420 303 2478 lincoliensi
323 2420 480 2475 diademate
494 2419 624 2494 regaliter
649 2418 797 2491 insignitus
819 2424 871 2484 est,
893 2433 949 2489 quo

139 2529 234 2586 regum
248 2511 340 2567 nullus
354 2511 480 2577 introire,
493 2509 707 2582 prohibentibus
721 2508 885 2580 quibusdam
902 2526 950 2566 su-

139 2601 320 2672 persticiosis,
335 2615 418 2655 ausus
436 2599 533 2654 luerat.
558 2598 636 2654 Unde
669 2604 822 2668 comparet,
846 2608 948 2670 quante

999 407 1113 463 doricus
1124 426 1171 465 rex
1199 410 1364 468 Francorum
1391 422 1417 469 et
1449 417 1543 491 regina
1559 419 1678 487 lllienor,
1695 431 1724 477 et
1741 423 1809 479 socii

999 510 1052 560 sur,
1064 513 1134 568 quos
1147 515 1231 569 super·
1257 503 1482 569 memoravimus,
1512 515 1642 576 presente
1667 527 1739 581 papa
1753 512 1811 569 Eu·

999 589 1082 661 genio
1098 590 1124 644 in
1144 592 1347 662 expeditionem
1366 596 1619 654 ierosolimitanam
1642 602 1707 658 ituri
1731 604 1813 660 aPa·

1002 676 1275 736 risiusreeesserunt.
1293 682 1365 746 Quas
1391 684 1587 742 tribulationes
1607 697 1633 745 et
1649 691 1776 748 miserias
1786 694 1813 748 in

1000 765 1175 838 ipsoitinere,
1189 771 1253 825 dum
1269 788 1319 841 per
1334 782 1434 829 terram
1449 775 1628 847 imperatoris
1654 781 1811 840 constanti·

1001 858 1151 929 napolitani
1173 864 1381 933 transierunt‚a
1407 865 1490 936 larne,
1519 870 1691 940 pestilentia,
1721 876 1812 931 ineur-

1000 950 1077 1006 sione
1094 969 1272 1028 paganorum,
1288 960 1414 1029 perpessi
1431 966 1504 1027 sunt,
1525 977 1580 1017 non
1595 973 1637 1018 est
1651 966 1737 1022 nostri
1753 975 1813 1024 stu-

1000 1041 1187 1098 diienarrare.
1217 1044 1286 1110 Quia
1311 1047 1387 1102 enim
1414 1049 1450 1105 de
1484 1050 1580 1121 rapina
1602 1069 1755 1125 pauperum
1779 1065 1811 1114 et

1001 1137 1180 1193 eeclesiarum
1207 1140 1373 1211 spoliatione
1403 1145 1472 1200 illud
1501 1147 1554 1202 iter
1568 1165 1601 1203 ex
1616 1151 1714 1220 majori
1734 1160 1812 1224 parte

1001 1229 1139 1300 inceptum
1155 1237 1207 1298 est,
1224 1249 1276 1288 nee
1295 1234 1323 1289 in
1348 1252 1407 1304 eos,
1422 1237 1470 1309 qui
1493 1255 1523 1294 se
1551 1240 1700 1298 inhoneste
1722 1245 1812 1301 habe·

1001 1317 1077 1384 bant,
1091 1318 1276 1376 vindiceatum
1290 1330 1334 1378 est
1350 1342 1357 1378 :
1374 1324 1432 1381 fere
1451 1325 1704 1400 nichilprosperum
1721 1333 1808 1388 nichil

1000 1411 1134 1467 anemoria
1144 1412 1259 1486 dignum
1288 1415 1317 1470 in
1339 1417 1385 1471 illa
1416 1420 1641 1494 peregrinatione
1666 1426 1809 1481 actitatum

997 1511 1048 1560 est.
1073 1505 1167 1561 Oeeise
1190 1522 1206 1561 n
1229 1506 1388 1565 Sarracenis
1422 1511 1576 1570 [laimundo
1600 1516 1727 1589 principe
1755 1520 1812 1573 Αιι-

998 1595 1111 1661 tieehie,
1121 1601 1252 1655 remansit
1283 1617 1351 1656 uxor
1370 1603 1431 1674 ejus
1457 1620 1518 1659 eum
1543 1605 1600 1662 silio
1616 1609 1729 1678 parvulo
1745 1610 1811 1666 Boe·

999 1690 1103 1747 mundo
1117 1692 1201 1748 tercio
1217 1698 1244 1747 et
1255 1709 1316 1748 eum
1328 1692 1385 1749 lilia
1395 1693 1557 1753 constancia
1572 1699 1616 1752 ⁵³⁸.

1036 1782 1114 1836 llll.
1141 1783 1240 1855 [1119]
1351 1785 1394 1841 10.
1520 1789 1562 1845 10.
1674 1793 1719 1848 12.

1034 1870 1222 1926 Pervenerunt
1240 1871 1384 1928 christiani
1399 1889 1568 1949 quoeunque
1586 1877 1683 1935 labore
1698 1881 1734 1936 ad
1744 1897 1810 1937 san-

998 1964 1111 2020 etaloca
1134 1966 1161 2020 in
1175 1966 1338 2035 Jerusalem,
1358 1975 1386 2023 et
1404 1969 1476 2025 circa
1501 1973 1651 2046 Augustum
1680 1990 1806 2031 mensem

998 2057 1158 2113 Damascum
1174 2059 1346 2128 obsidentes,
1375 2068 1403 2116 ct
1427 2062 1491 2119 dolo
1518 2064 1804 2124 ierosolimitauomm

998 2166 1093 2221 parum
1109 2149 1298 2222 proficientes,
1313 2153 1446 2224 repedare
1462 2155 1549 2213 cicius
1562 2158 1739 2216 studuerunt.
1753 2158 1809 2215 lle·

999 2241 1051 2295 lius
1070 2242 1215 2297 accederat
1230 2258 1302 2298 anno
1316 2244 1446 2314 preterito
1462 2245 1621 2301 christianis
1635 2248 1809 2320 principibus

999 2331 1028 2386 in
1056 2333 1195 2404 llispania.
1224 2333 1289 2388 Nam
1312 2334 1463 2405 imperator
1491 2337 1696 2410 Hispaniarum,
1729 2342 1810 2408 eujus

1000 2421 1110 2493 imperii
1120 2429 1203 2494 eaput
1218 2431 1261 2478 est
1280 2423 1375 2478 civitas
1402 2424 1537 2492 Toletum,
1553 2426 1689 2495 adjutusa
1701 2428 1808 2484 Pisanis

1000 2519 1027 2565 et
1060 2511 1262 2576 Genuensibus,
1291 2511 1439 2568 lllnrariam
1480 2514 1682 2571 nobilissimam
1712 2517 1808 2574 orbern

999 2619 1084 2674 super
1106 2620 1229 2680 paganos
1250 2604 1333 2674 cepit.
1360 2605 1416 2660 lien
1442 2606 1566 2675 Gallieie,
1594 2607 1681 2663 fretus
1708 2610 1809 2666 auxilio

139 2690 477 2762 rerStephanusaudatie
501 2697 528 2745 et
542 2689 626 2744 animi
640 2689 763 2761 pericula
779 2705 834 2745 nou
851 2689 947 2745 lormi·
998 2697 1216 2752 Normannorum
1239 2704 1266 2752 et
1294 2697 1444 2771 ilrrglorum
1460 2707 1488 2754 et
1506 2699 1623 2755 aliorum
1648 2701 1810 2771 multorom,

139 2783 382 2839 dantisl'ueritffi.
412 2782 556 2849 llenrieus,
576 2781 651 2836 silius
685 2781 763 2836 ducis
786 2781 947 2836 caulridiet
997 2787 1043 2858 qui
1057 2786 1146 2842 navali
1160 2787 1281 2842 exercitu
1305 2786 1458 2842 Jerusalem
1472 2788 1614 2858 petebant,
1627 2787 1715 2862 [llll]
1730 2792 1810 2846 Lire-

138 2880 485 2953 imperatrieis,derlnglia
503 2880 531 2934 in
553 2879 750 2935 Normanniam
767 2879 942 2945 veniens⁵⁷³,
994 2876 1209 2932 bonamurbem
1224 2878 1356 2952 algarenis
1385 2876 1508 2946 abstulit,
1529 2878 1809 2938 sicutaliameivila·

138 2976 283 3040 susceptus
296 2978 365 3025 esta
392 2976 530 3025 conventu
558 2970 635 3024 becci
668 2968 815 3040 sollempni
833 2984 945 3040 proces·
958 3009 983 3080 C
996 2972 1063 3034 tem,
1079 2965 1232 3021 samtarein
1259 2967 1336 3036 (598)
1361 2966 1476 3033 scilieet,
1493 2983 1566 3023 anno
1580 2970 1714 3040 preterito
1727 2986 1811 3042 super

138 3061 228 3127 sione,
241 3061 287 3117 die
302 3061 474 3116 ascensionis
504 3060 625 3117 Domini.
655 3061 846 3116 Controversia
876 3061 946 3116 inter
996 3056 1110 3112 eosdem
1126 3064 1246 3128 ceperat.
1266 3057 1363 3114 comes
1393 3057 1476 3113 eliam
1501 3058 1717 3117 Barcinonensis
1744 3061 1809 3118 Tor-

138 3151 290 3206 monachos
301 3151 378 3206 Becei
395 3156 422 3206 et
436 3151 584 3206 canonicos
610 3150 644 3204 de
660 3148 819 3216 Orinaiord,
835 3165 883 3220 pro
899 3166 946 3205 ec·
997 3155 1083 3204 tesam
1098 3147 1194 3202 urbem
1211 3147 1310 3203 eodem
1326 3163 1400 3204 anno
1413 3149 1496 3219 cepit.

137 3242 265 3298 elesiade
296 3242 476 3306 bellomente,
511 3241 630 3297 Parisius
653 3240 681 3296 in
716 3241 856 3312 presentia
876 3258 946 3313 pape
1035 3242 1349 3298 Eodemannomortuo
1378 3242 1504 3298 hseeliuo
1534 3240 1808 3314 Roiensiepiscopo,

138 3331 253 3405 Eugeuii
274 3333 418 3387 terminata
431 3340 483 3387 est.
509 3330 612 3388 Eodem
629 3346 702 3386 anuo
715 3332 842 3387 canonici
863 3348 946 3406 regu·
996 3333 1133 3388 Tebaldus
1145 3334 1373 3406 archiepiscopus
1388 3333 1714 3390 Canluariensislratrem
1726 3351 1807 3392 suum

138 3424 209 3480 lares
221 3424 382 3480 auctoritate
398 3440 468 3496 pape
484 3424 598 3498 cugenii
618 3425 700 3497 positi
727 3424 839 3480 luerunt
853 3424 882 3478 in
898 3440 946 3479 ec·
996 3426 1153 3481 cauterium
1166 3425 1389 3482 archidiaconum
1415 3425 1642 3483 Cantuariensem
1656 3426 1747 3484 eidem
1763 3443 1809 3483 ee·

139 3513 222 3568 alesia
240 3521 335 3568 sancte
358 3511 496 3568 Genovele
511 3513 642 3581 ParisiuS,
658 3513 790 3585 quoniam
805 3511 946 3567 seculares
995 3516 1262 3590 clesiesubrogavit.
1284 3516 1390 3572 llortuo
1419 3517 1502 3572 etiam
1523 3517 1642 3593 lingerio
1666 3517 1806 3574 cestrensi

138 3605 265 3661 canonici
275 3605 405 3674 iniuriam
422 3605 543 3662 lecerant
558 3606 720 3662 hominibus
749 3605 859 3677 papein
875 3620 945 3677 qua·
995 3604 1171 3678 episeopoin
1197 3604 1297 3659 itinere
1324 3604 1488 3671 Jerusalem,
1515 3606 1649 3662 suecessit
1677 3606 1703 3660 ei
1730 3606 1804 3677 (599)

47 3714 52 3720 .
138 3695 200 3750 dam
217 3697 462 3767 processione3et
476 3698 636 3752 habuerunt
649 3696 722 3752 idem
737 3694 864 3751 canonici
887 3695 944 3766 pri·
994 3694 1141 3750 Walterius
1168 3693 1254 3764 prior,
1282 3693 1401 3748 ecclesie
1429 3693 1527 3749 Christi
1554 3693 1712 3750 Cantuarie.
1738 3695 1809 3752 llen-

138 3802 214 3840 mum
229 3785 356 3841 abbatem
384 3785 541 3853 llenricum,
571 3786 692 3856 priorem
721 3784 838 3840 ecclesie
856 3783 944 3839 saneti
994 3781 1165 3838 ricusetiam
1195 3780 1349 3848 hlurdareh,
1387 3782 1544 3839 monachus
1572 3781 1756 3852 cistellensis,
1779 3781 1809 3838 lit

817 3891 928 3947 vatilla*
939 3890 1117 3946 bEchONES

175 3994 208 4031 ⁵⁷¹
225 3991 512 4048 Inventus-luissent
528 3992 653 4047 liebertus
668 3995 722 4062 ipse
733 3994 839 4061 scripsit
858 4000 960 4061 postea,
980 3996 1063 4048 erosis
1083 4008 1143 4062 qaae
1167 3995 1255 4062 primo
1268 3995 1381 4060 inererat
1395 3995 1427 4047 io
1442 3994 1530 4049 cedrea
1542 3992 1569 4049 c.
1587 4009 1593 4047 :
1610 3994 1640 4048 ln
1657 3995 1709 4050 hae
1723 4009 1807 4066 expe-

139 4065 246 4121 ditione
261 4063 322 4131 luit,
336 4070 363 4119 et
377 4063 492 4117 multum
515 4062 628 4133 proluit,
646 4063 780 4117 Ricardus
805 4063 839 4116 de
869 4063 1022 4139 Linghene,
1046 4064 1127 4118 miles
1150 4063 1283 4133 optimus
1300 4064 1348 4134 qui
1366 4080 1456 4134 nuper
1468 4066 1502 4119 de
1517 4064 1661 4135 bajocensi
1675 4067 1807 4122 comitatu

139 4137 204 4192 illue
214 4144 382 4208 perrexerat,
408 4144 542 4207 etaregc
567 4134 685 4206 lingerio
706 4134 866 4189 comitatum
890 4135 976 4190 Andri
998 4135 1098 4198 insule,
1115 4150 1197 4205 quarn
1221 4150 1257 4188 nu
1280 4150 1310 4189 er
1333 4134 1406 4188 idern
1433 4150 1479 4189 rex
1503 4151 1587 4206 super
1610 4135 1806 4208 imperatorem

140 4207 471 4276 constantinopolitanum
491 4214 612 4276 ceperat,
642 4206 716 4261 dene
741 4213 897 4275 acceperat.
921 4215 982 4262 Hoc
1003 4207 1140 4261 polimii.
1161 4205 1207 4259 lb.
1233 4151 1278 4260 191]Ι
1303 4206 1400 4275 quiens
1421 4208 1470 4260 iilo
1492 4207 1623 4262 laventus
1639 4239 1671 4248 -
1687 4207 1806 4264 luissent

137 4281 243 4336 dmoni.
260 4278 596 4347 ll2Omississentientibus
621 4277 754 4332 llenriens
776 4308 810 4317 -
834 4277 960 4332 ordinem
986 4282 1168 4348 susceperunt
1187 4276 1213 4330 2.
1241 4278 1285 4332 hie
1299 4277 1373 4331 addit
1393 4294 1399 4330 :
1422 4277 1477 4332 llec
1491 4293 1563 4334 enno
1588 4278 1699 4334 donnus
1728 4279 1806 4335 Serlo

138 4352 224 4407 abbas
246 4350 382 4432 Savigncii
409 4365 438 4403 se
458 4349 535 4403 dedit
559 4347 649 4404 ordini
674 4349 860 4414 cisterciensi,
882 4365 942 4404 eum
959 4349 1089 4403 omnibus
1115 4346 1233 4401 abbatiis
1255 4348 1290 4401 ad
1316 4363 1346 4402 se
1353 4348 1576 4472 Fpertinentibus,
1590 4358 1617 4404 et
1632 4351 1686 4406 hoc
1699 4349 1765 4406 lecit
1779 4350 1806 4405 iu

138 4417 820 4484 manudonnrbernardinbbatisclarevallensis,
852 4420 879 4474 in
911 4417 1231 4490 presentiavencrabilis
1256 4434 1328 4489 pape
1375 4420 1468 4492 ugenii
1495 4420 1808 4477 etomniumabbatum

138 4491 474 4563 Cisterciensiseapituli:
495 4495 550 4546 otio
579 4507 679 4546 menes
707 4494 829 4560 iernerp
869 4491 1013 4547 oddittljt
1036 4505 1185 4546 concessus
1212 4498 1253 4544 est
1267 4489 1291 4543 ei
1324 4491 1573 4546 etsueecssoribus
1598 4491 1656 4546 suis
1672 4493 1809 4563 prioratus

138 4565 262 4620 omnium
278 4565 393 4620 aliorum
405 4562 536 4617 abbatum
549 4568 610 4633 pest
623 4562 774 4632 dompnum
788 4561 998 4617 cisterciensem
1020 4570 1047 4617 et
1064 4568 1183 4633 quatuor
1210 4560 1315 4630 primos
1340 4560 1465 4616 abbates.
1483 4563 1514 4616 Et
1525 4563 1559 4616 ab
1576 4578 1609 4618 eo
1622 4569 1750 4634 tempore
1762 4563 1809 4619 ob

138 4636 230 4700 tinuit,
247 4637 320 4706 quod
334 4634 466 4689 continue
483 4635 543 4688 sine
567 4633 776 4703 interrupeione
792 4633 918 4704 qnalibet
943 4633 1061 4708 singulis
1090 4633 1171 4686 annis
1199 4648 1271 4686 unos
1287 4637 1346 4686 erat
1360 4630 1540 4687 diffinitorum
1552 4633 1639 4689 abbas
1653 4634 1806 4719 Savigueii.

138 4706 169 4760 lit
179 4706 207 4759 in
219 4707 270 4760 hae
285 4705 465 4776 possessione
477 4705 526 4759 luit
539 4704 624 4758 abbas
635 4704 773 4786 savigneii
789 4720 864 4758 anno
881 4704 988 4759 bomini
1011 4704 1089 4771 1243,
1117 4703 1248 4758 videlicet
1264 4718 1312 4773 per
1330 4703 1480 4776 nonaginta
1496 4720 1543 4759 sex
1558 4719 1648 4760 annos
1662 4715 1804 4760 continue.

139 4776 319 4842 Necmirnm,
349 4779 371 4830 si
398 4776 426 4830 in
453 4775 1010 4849 hoeabbatiaSavrgneperconsensum
1045 4775 1158 4846 capituli
1177 4773 1373 4839 honorabatur,
1408 4790 1506 4830 uesua
1533 4775 1715 4831 conversione
1731 4776 1808 4833 ordi-

138 4863 200 4902 nem
216 4847 436 4911 cisterciensem,
451 4853 506 4901 tum
533 4847 666 4918 temporis
691 4846 856 4901 subsitantia
882 4855 1004 4913 tenuem,
1022 4847 1141 4916 plurium
1160 4844 1332 4900 abbatiarum
1348 4791 1526 4902 mu‘bitudine
1543 4847 1687 4922 adaugens
1705 4847 1732 4902 in
1753 4847 1808 4902 uo-

137 4918 212 4974 mino
224 4935 306 4990 quam
320 4917 467 4989 plurimum
482 4919 637 4983 bonoravit,
650 4917 714 4971 dum
732 4918 791 4972 zelo
804 4918 947 5000 religionis
975 4934 1039 4972 suas
1063 4916 1280 4973 eonsuetudines
1294 4923 1321 4970 et
1339 4932 1419 4971 suum
1433 4918 1581 4987 capitulum
1596 4917 1806 4991 generaleapud

137 4990 313 5064 Savigneinm
328 4987 448 5054 colebat,
466 4995 630 5043 consuetum
659 4987 780 5059 reliquit,
803 4998 832 5043 ut
856 5004 884 5043 ιιι
900 4989 1053 5044 hnmilitate
1069 4997 1096 5044 et
1111 4995 1204 5043 saneta
1232 4988 1364 5042 servitute
1389 4987 1578 5044 Cistereieusis
1593 4989 1700 5045 ordinis
1714 4989 1806 5044 susei-

136 5073 216 5132 peret
231 5061 364 5116 instituta.
381 5059 458 5113 Unde
473 5059 650 5115 benoeavere
665 5059 768 5114 debent
789 5060 816 5113 in
840 5070 979 5129 posterum
997 5067 1049 5115 tam
1081 5059 1167 5116 abbas
1180 5059 1319 5130 Sauigneii
1336 5074 1418 5130 quarn
1445 5066 1502 5116 tota
1524 5061 1714 5142 congregatio,
1731 5077 1766 5116 ne
1777 5061 1804 5114 in

136 5149 218 5206 grave
233 5134 275 5188 sui
292 5130 475 5202 prejudicium
492 5131 551 5184 istis
562 5131 672 5198 iuribus
687 5131 745 5185 sois
761 5131 904 5186 fraudetur
919 5131 1035 5186 ecelesia
1051 5130 1204 5201 Savigneii,
1237 5145 1288 5186 nee
1319 5136 1433 5201 propter
1447 5131 1499 5185 hoc
1515 5131 1583 5202 ipsis
1602 5129 1686 5200 oinei
1704 5131 1806 5201 poterit

136 5204 311 5277 aliquatenus
328 5201 507 5273 conspiratio¹
525 5201 606 5255 Alina
619 5208 661 5256 est
672 5201 745 5256 enim
760 5201 912 5257 defendere
934 5201 1043 5273 eulpam
1073 5217 1203 5273 persone,
1219 5200 1292 5255 aliud
1320 5217 1431 5255 causam
1447 5209 1474 5256 et
1486 5202 1533 5306 {us
1548 5202 1665 5257 ecclesie
1679 5218 1729 5256 sue
1745 5220 1752 5266 3
1770 5201 1804 5255 ad

136 5277 210 5347 quod
236 5284 345 5332 tenetur
369 5290 401 5329 cx
423 5272 607 5344 professione,
632 5289 715 5344 quam
744 5273 818 5339 lacit,
840 5289 900 5328 eum
918 5272 945 5326 in
975 5272 1103 5329 abbatem
1121 5272 1303 5328 benedicatur
1334 5272 1370 5326 ali
1393 5272 1435 5326 uis
1465 5273 1486 5306 ⁵¹
1514 5276 1621 5328 Omissis
1633 5274 1805 5344 sequentibus

136 5347 217 5415 boias
231 5351 301 5402 anni
313 5346 436 5403 monibus
449 5344 494 5397 ib.
513 5345 591 5399 laniet
606 5362 612 5397 :
629 5343 702 5398 Obiit
724 5345 767 5415 pie
784 5345 916 5399 memorie
936 5344 1047 5399 donnus
1068 5345 1224 5399 llildicrnus
1250 5358 1341 5398 nonus
1367 5360 1381 5397 a
1403 5344 1453 5398 bas
1468 5343 1497 5398 S.
1517 5343 1602 5399 Merie
1618 5343 1689 5399 Lare.
1703 5344 1739 5379 ⁵³⁸
1754 5344 1805 5399 Oe-

135 5415 228 5473 ciso-
242 5418 405 5475 constancia
419 5418 476 5472 elie
505 5432 614 5483 arnonas,
635 5418 749 5483 sortasse
768 5416 884 5482 boemii,
898 5421 990 5484 posteo
1004 5418 1116 5471 eddidit.
1133 5422 1232 5472 Desunt
1248 5415 1275 5471 2.
1288 5415 1336 5471 th.

919 5512 1024 5569 NOTAE.

172 5607 243 5674 (ebir
258 5608 350 5663 Potius
364 5609 445 5665 illal.
463 5607 530 5664 Nou.
548 5607 627 5664 llll.
646 5606 744 5669 Beue.
1034 5602 1105 5673 (5991
1121 5602 1151 5655 h.
1163 5601 1243 5668 itte,
1254 5607 1324 5656 teste
1341 5600 1471 5657 Gervasio

172 5678 245 5750 1598)
256 5679 409 5746 Santarem,
