3720 6014
96 237 151 290 885
787 234 882 291 LIBER
902 232 1079 290 SECUNDUS.
1712 236 1765 293 886

95 360 143 416 illa
157 361 217 416 viee
244 363 350 431 partem
378 359 503 416 lloraviae
524 360 670 416 maximam
696 360 902 427 destruxerunt,
916 363 1016 432 Aoum
1032 359 1128 431 paucis
1141 366 1226 415 teram
1244 359 1365 415 bostium
1382 360 1525 428 introibat,
1547 360 1675 434 villisque
1687 378 1764 420 oom-

95 455 352 527 indequcpraedam
366 455 480 510 multam
491 462 520 510 et
534 457 657 526 captivos
671 456 847 514 adduxeruut
858 457 907 528 ⁰¹¹,
956 452 1044 508 bustis
1072 452 1196 524 captivos
1218 459 1245 507 el
1266 452 1387 523 predam
1412 453 1575 509 adducebat.
1606 454 1664 510 lam
1689 455 1765 511 enim

96 548 199 603 acsine
214 547 280 602 belli
297 546 511 602 discriminarat
528 547 636 602 itineris
651 548 802 604 redierunt.
957 542 1086 597 ducatum
1103 541 1356 597 wratislavensem.
1380 557 1448 612 puer
1462 549 1554 609 aetate,
1569 558 1654 598 senex
1670 544 1765 615 probi·
1786 557 1789 561 ’

186 642 229 696 lt.
245 641 400 696 Balaalavur
420 655 490 709 puer
508 642 644 707 interfecit
658 656 757 710 aprum
771 640 815 694 ⁰¹⁸.
957 641 1011 689 late
1024 634 1171 701 retinebat,
1189 634 1307 689 necdum
1328 639 1418 688 tamen
1446 633 1563 689 militare
1578 635 1613 669 999
1633 635 1764 710 gaudium

95 729 179 784 llnlta
195 745 303 800 possem
320 730 355 784 de
374 729 490 785 audacia
504 730 587 799 hujus
599 730 676 800 pueri
695 731 865 802 scriptitare.
957 727 1118 799 attingebat.
1137 726 1214 782 Unde
1229 727 1367 798 quiaspes
1380 727 1408 779 in
1423 726 1575 794 cojuvcnis
1586 727 1667 783 bonae
1680 728 1764 786 indo-

96 820 152 875 Nisi
167 827 276 890 tempus
287 820 344 888 lam
362 819 477 875 instaret
497 820 531 875 ad
554 836 689 876 summam
719 822 812 893 operis
836 839 905 894 pro-·
959 818 992 873 lis
1008 817 1159 889 pullulabat
1177 816 1222 884 999,
1234 817 1349 889 jamque
1368 833 1498 890 magnum
1520 816 1553 851 999
1577 816 1605 872 in
1622 833 1655 873 eo
1668 817 1764 892 gloriae

753 914 871 988 [perere.
958 911 1067 984 siguum
1092 910 1219 966 militaris
1247 909 1407 981 apparebat,
1428 925 1526 966 omnes
1545 925 1608 965 eum
1625 910 1765 982 principes

95 1000 238 1057 Temcu⁹¹⁸
246 1000 385 1072 quoddam
399 1001 427 1056 in
437 1002 545 1058 occulto
557 1018 611 1058 nou
621 1004 777 1074 permittam
789 1004 905 1073 latitare,
959 1003 1112 1078 diligebant
1123 1004 1187 1075 quia
1205 1003 1325 1059 laturum
1341 1003 1369 1057 in
1392 1017 1426 1058 eo
1439 1018 1568 1077 magnum
1584 1001 1689 1075 aliquid
1701 1018 1763 1074 per·

95 1095 161 1150 Cum
177 1096 215 1149 sit
227 1094 341 1169 dignum
357 1096 391 1151 ad
408 1096 563 1166 exemplum
581 1096 726 1168 probitatis
738 1098 860 1153 rutilare.
958 1091 1117 1165 pendebant

96 1187 218 1250 Quadam
232 1188 293 1243 rice
310 1202 380 1258 puer
393 1187 487 1242 llartis
501 1188 535 1242 ad
548 1189 724 1263 gentaculum
737 1190 772 1225 999
786 1190 814 1244 in
836 1189 905 1245 silva
1057 1183 1096 1238 ll·
1118 1183 1271 1237 Boletltlvut
1295 1187 1457 1237 Pomorlttws
1471 1188 1607 1252 oppucnnl
1620 1181 1665 1236 ⁹³¹·

97 1282 237 1347 residens,
251 1298 349 1353 aprum
363 1282 512 1337 immanem
529 1290 716 1338 transeuntem
737 1299 768 1339 ac
782 1283 905 1339 densita·
993 1271 1067 1325 {dem
1084 1269 1414 1341 99903999999999ι9999919
1439 1270 1474 1305 ⁰³³
1498 1272 1576 1342 199019
1591 1271 1763 1345 199993θῦ1193),

95 1378 149 1426 tem
172 1371 248 1427 silvae
262 1372 428 1426 subeuntem
444 1370 524 1435 vidit,
548 1387 632 1442 quem
646 1372 738 1426 statim
752 1372 787 1427 de
808 1388 906 1429 mensa
955 1364 1073 1436 quadlm
1090 1364 1149 1418 lice
1164 1378 1248 1432 supet
1263 1362 1453 1417 p0¹¹10lil¹¹il¹l¹
1475 1363 1618 1434 8919113111,
1642 1364 1689 1419 Ubi
1705 1364 1762 1433 jam

94 1475 222 1533 surgens,
244 1468 386 1530 assumpto
405 1460 542 1515 venabulo
570 1459 745 1527 subsecutus,
772 1461 832 1516 sine
860 1477 907 1518 00.
955 1451 1230 1508 evidentiusiamam
1250 1451 1293 1505 sui
1314 1451 1435 1506 nominis
1458 1452 1619 1522 propalavit.
1639 1454 1763 1525 Namque

93 1549 160 1603 mite
176 1549 218 1603 vel
233 1564 301 1603 canc
322 1558 557 1619 presumptuosus
568 1549 678 1605 invasit.
704 1549 826 1624 Cumque
841 1551 905 1607 ierac
956 1554 1073 1602 castrum
1089 1545 1257 1616 llezyrtccze
1279 1542 1396 1613 9991130)
1412 1544 1495 1599 mutis
1521 1545 1626 1600 viribus
1640 1545 1761 1614 obsedit,

92 1636 214 1691 silvestri
231 1635 458 1708 propinquasset,
474 1644 501 1691 ct
510 1637 567 1705 jam
582 1638 665 1693 ictum
676 1638 704 1693 in
720 1639 780 1711 ejus
793 1647 904 1713 gutture
956 1643 1088 1706 tantoque
1099 1635 1203 1705 impetu
1222 1632 1364 1689 assultavit
1374 1632 1408 1667 999
1422 1634 1496 1704 quod
1511 1632 1547 1668 999
1559 1633 1654 1704 paucis
1664 1633 1763 1689 diebus

92 1729 202 1783 vibrare
217 1728 360 1794 voluisset,
381 1743 415 1782 ea
430 1728 545 1785 adverso
560 1729 673 1801 quidam
689 1731 769 1785 miles
783 1731 844 1799 ejus
856 1746 904 1786 oc·
918 1686 943 1755 B
955 1724 1111 1795 oppidanos
1130 1722 1163 1756 999
1191 1721 1363 1777 deditionem
1383 1720 1473 1777 lacere
1494 1722 1626 1778 coartavit
1650 1723 1695 1778 999.
1721 1723 1762 1778 lbi
1838 1720 1841 1726 '

92 1821 189 1887 currit,
203 1822 251 1892 qui
275 1820 414 1876 vibratum
439 1822 522 1877 ictum
544 1823 667 1890 retinuit,
690 1832 718 1879 et
738 1825 904 1880 venabulum
955 1831 1066 1889 quoque
1080 1813 1231 1885 ⁹³⁹sl³pller
1243 1813 1406 1884 woyslavus
1421 1813 1448 1868 ln
1465 1814 1567 1870 vellite
1584 1814 1637 1870 lale
1651 1814 1762 1889 siguum

92 1912 119 1967 ci
134 1910 242 1966 aulerrc
258 1911 356 1967 voluit.
372 1911 439 1966 Tum
455 1912 490 1946 999
510 1926 576 1967 vcro
593 1912 751 1968 boleslavus
775 1914 826 1982 ira,
852 1914 906 1969 im·
954 1908 1077 1965 audaciae
1092 1906 1271 1978 comparavit,
1287 1921 1342 1978 quo
1361 1906 1404 1962 vix
1420 1923 1482 1962 eum
1502 1908 1632 1964 extractis
1653 1907 1762 1965 ossibus

91 2019 136 2056 mo
152 2003 266 2057 audacia
281 2002 449 2071 stimulatus,
463 2004 604 2076 geminum
620 2004 744 2060 duellum
766 2006 903 2061 mirabili·
954 2003 1077 2076 operatio
1094 2018 1176 2076 sagax
1192 2001 1292 2057 medici
1307 2001 1447 2058 liberavit.

89 2104 143 2162 ter,
160 2097 309 2151 humanum
325 2097 433 2152 seilicet
452 2105 480 2153 et
499 2097 627 2164 lerinum,
652 2098 830 2172 singulariter
851 2116 901 2155 su·
985 2093 1030 2150 15.
1046 2093 1176 2157 Quantulo
1197 2092 1296 2147 balam
1313 2093 1422 2161 peremit
1437 2093 1467 2145 ia
1488 2094 1651 2148 Pomoraaia
1678 2092 1725 2148 999.

87 2186 203 2257 pererit.
230 2187 295 2242 Natu
313 2194 340 2242 ct
360 2188 399 2243 illi
417 2188 584 2245 venabulum
601 2189 724 2255 abstulit,
753 2196 781 2245 et
803 2186 914 2262 aprum
985 2185 1053 2240 lude
1068 2199 1211 2256 regressus
1227 2182 1312 2253 quieti
1324 2181 1442 2236 militum
1454 2180 1654 2252 aliquantulum
1667 2181 1760 2237 indul·

87 2275 196 2330 occidit.
215 2276 900 2353 lllcvcromilcsposteaeurbocieceritrequi-
949 2279 995 2345 sit,
1021 2293 1125 2348 eosque
1153 2275 1243 2331 statim
1274 2274 1338 2328 illuc
1367 2289 1436 2344 puer
1463 2272 1619 2329 laboriosus
1638 2273 1757 2328 reduxit.

87 2363 171 2430 situs,
187 2380 217 2419 se
229 2365 379 2421 nescivisse
395 2366 461 2437 quid
482 2366 571 2440 egerit
594 2373 636 2422 est
653 2366 805 2437 professus,
821 2375 850 2423 ct
863 2368 900 2424 ob
952 2371 1003 2435 Qui
1019 2368 1160 2442 regionem
1184 2366 1362 2421 barbarorum
1378 2364 1527 2436 subjugare
1547 2363 1757 2435 concupiscens,

87 2456 141 2510 lroo
155 2465 245 2511 tamen
260 2465 302 2511 est
317 2457 351 2511 ab
365 2457 425 2525 eius
443 2457 532 2530 gratia
548 2458 632 2529 longo
660 2465 784 2529 tempore
803 2475 901 2532 seque·
952 2459 1060 2531 praedas
1074 2472 1155 2530 agere
1171 2455 1246 2526 prius
1261 2453 1303 2509 vel
1319 2453 1446 2509 incendia
1460 2452 1550 2509 lacere
1561 2468 1616 2508 non
1632 2459 1758 2520 conatur,

87 2553 198 2600 stratus.
215 2547 263 2601 lllc
279 2562 344 2602 vero
363 2563 432 2617 puer
457 2547 523 2614 iude
543 2548 627 2604 rediit
654 2547 837 2623 fatigatus,et
858 2550 900 2606 vix
951 2551 999 2606 sed
1030 2564 1125 2605 corum
1147 2546 1318 2601 munitiones
1345 2545 1388 2601 vel
1408 2544 1534 2600 civitates
1561 2543 1686 2600 obtinere
1715 2545 1759 2600 vel

90 2644 184 2693 tamen
204 2638 274 2692 vires
293 2639 326 2672 999
343 2639 463 2694 obtinuit
482 2639 631 2695 ventilatus
643 2640 692 2695 999.
952 2642 1094 2698 destrucre
1109 2639 1261 2695 meditatur
1275 2639 1319 2693 999.
1337 2639 1424 2713 lgitur
1438 2655 1535 2713 gressu
1545 2638 1654 2695 concito
1668 2639 1760 2710 quod-

231 2729 274 2785 12.
290 2732 444 2786 Romaanus
459 2747 556 2787 ursum
568 2734 706 2801 interfecit
720 2733 764 2786 999.
952 2735 1015 2789 dum
1032 2734 1067 2768 999
1083 2730 1176 2788 nobile
1189 2730 1255 2786 satis
1269 2747 1301 2786 ac
1320 2730 1355 2767 999
1370 2731 1440 2787 iorte
1451 2737 1571 2786 castrum
1585 2730 1620 2766 999
1632 2730 1759 2787 obsessu-

129 2823 208 2877 rlliud
224 2838 335 2894 quoque
347 2823 449 2879 iactum
465 2824 525 2892 ejus
539 2826 648 2896 puerile
663 2827 728 2881 lruic
741 2826 830 2882 simile
845 2842 901 2882 uon
952 2841 999 2881 rus
1015 2823 1124 2885 invasit,
1143 2821 1217 2894 quod
1231 2830 1324 2876 tamen
1344 2821 1405 2892 eius
1421 2820 1538 2891 primum
1553 2820 1686 2892 impetum
1702 2836 1759 2877 non

92 2917 201 2983 tacebo,
227 2917 353 2988 quamvis
368 2918 493 2974 noverim
520 2919 586 2990 quia
601 2919 708 2975 aemulis
723 2920 759 2955 999
773 2936 829 2976 non
852 2936 902 2992 per
951 2918 1050 2983 evasit,
1062 2916 1137 2972 unde
1146 2915 1265 2987 praedam
1273 2913 1387 2969 multam
1399 2919 1426 2970 et
1433 2914 1554 2984 captivos
1565 2911 1759 2992 egit,bellate·

92 3009 186 3064 omnia
202 3009 381 3080 complacebo
396 3010 440 3064 999.
455 3011 530 3066 ldem
546 3008 581 3046 999
595 3028 665 3082 puer
678 3028 741 3068 cum
761 3014 858 3084 paucis
872 3013 900 3067 in
953 3005 1336 3065 resveroscntentiaebellieae
1349 3004 1457 3079 redegit
1470 3004 1505 3040 999
1519 3003 1549 3059 Et
1560 3019 1614 3076 quo
1624 3003 1712 3078 magis
1724 3003 1760 3039 999

90 3096 363 3167 silvadeambulans,
379 3098 407 3152 in
418 3099 596 3155 eminentiori
606 3101 666 3156 loco
681 3101 752 3157 larte
764 3102 900 3171 constitit,
950 3100 1037 3157 amari
1048 3099 1154 3166 debuit,
1171 3113 1205 3154 eo
1215 3097 1268 3152 sibi
1281 3096 1414 3165 majorem
1425 3095 1556 3151 invidiam
1571 3094 1720 3151 cumulavit
1732 3104 1759 3151 et

89 3209 121 3247 ac
137 3192 458 3264 deorsumbucillucque
471 3196 675 3266 contemplans,
689 3212 782 3252 ursum
801 3197 901 3271 ingen·
951 3189 1127 3245 inimicorum
1145 3187 1262 3242 insidias
1277 3186 1312 3241 ad
1326 3201 1404 3240 suum
1425 3184 1566 3240 interitum
1589 3184 1757 3256 provocavit.

93 3291 148 3337 tem
164 3299 227 3338 cum
244 3299 307 3337 ursa
320 3282 507 3338 colludentem
527 3284 562 3318 999
581 3286 730 3356 prospexit.
756 3286 814 3350 Quo
829 3287 899 3354 viso,
1112 3277 1146 3332 ¹6
1171 3275 1205 3311 ⁹⁸⁷
1221 3276 1430 3330 llstthttt‘llimwl
1448 3276 1537 3330 26111θὶ
1550 3274 1595 3330 ⁹⁸⁸·

88 3370 181 3426 statim
195 3370 257 3426 aliis
273 3370 418 3442 prohibitis
431 3370 459 3424 iu
477 3369 618 3440 planitiem
630 3372 786 3441 descendit,
807 3390 840 3429 ac
854 3389 901 3430 so·
988 3369 1095 3423 luterea
1115 3380 1234 3436 namque
1257 3363 1375 3417 Zetbeus
1391 3359 1502 3429 multas,
1521 3369 1551 3416 ut
1572 3360 1758 3432 lerunt-ipsis

88 3464 169 3518 {uses
189 3462 344 3532 intrepidus
360 3476 434 3533 equo
449 3462 690 3518 sedenscruenras
713 3464 785 3520 rems
799 3465 833 3499 vav
847 3464 900 3519 ad.
951 3455 1046 3528 pueris
1065 3452 1181 3508 iusidias
1199 3449 1399 3521 praetendebat,
1418 3465 1450 3504 ac
1468 3456 1614 3520 paternum
1633 3449 1757 3505 animum

88 3554 149 3617 ivit,
171 3569 322 3624 ursumque
332 3559 427 3609 contra
441 3569 471 3609 se
484 3569 649 3610 conversum
665 3555 787 3611 brachiis
802 3557 902 3611 erectis
951 3548 985 3603 ab
1005 3545 1105 3603 affeelll
1129 3543 1247 3599 fillOFllffl
1263 3542 1356 3597 mullis
1375 3541 1628 3597 19999191999110911998
1644 3551 1758 3600 avelle·

89 3642 228 3700 vcnabulo
259 3642 409 3713 perforavit
445 3641 522 3706 Quod
544 3643 644 3698 iactum
670 3644 737 3700 satis
767 3643 818 3699 luit
844 3643 901 3700 illic
950 3639 1007 3693 bat.
1022 3637 1050 3691 ln
1065 3633 1184 3691 castellis
1199 3632 1280 3686 etiam
1311 3647 1459 3703 puerorum
1477 3631 1600 3702 partibus
1619 3632 1759 3704 deputatis

92 3736 246 3792 astantibus
259 3735 474 3804 ammirandum,
488 3744 516 3791 et
526 3751 582 3791 non
592 3736 810 3809 videntibuspro
824 3745 901 3794 tanta
951 3741 998 3787 aul
1011 3730 1053 3786 sui
1069 3729 1178 3803 generis
1189 3736 1237 3783 llll
1252 3725 1403 3792 inferioris.
1419 3726 1523 3797 quibus
1536 3725 1757 3795 dominarentur,

90 3828 209 3883 audacia
222 3825 300 3897 pueri
316 3824 499 3880 recitandum.
951 3821 1067 3878 comites
1084 3821 1127 3876 rel
1148 3819 1296 3892 pristaldos
1315 3817 1506 3890 preponebat.
1535 3833 1638 3890 eosque
1665 3821 1759 3890 pneris

188 3915 233 3970 13.
249 3916 404 3970 Bomalauus
417 3918 449 3969 io
462 3917 593 3972 baeticum
606 3918 743 3985 procurrit
754 3917 799 3951 999·
953 3911 1148 3968 inobedientes
1161 3909 1278 3966 existere
1294 3917 1404 3964 versuta
1422 3906 1573 3963 calliditate
1595 3922 1757 3965 commove-

129 4007 236 4061 lnterea
246 4006 417 4072 boleslavus,
434 4006 655 4078 martialispuer‚
667 4007 772 4063 viribus
781 4014 808 4063 et
822 4015 903 4063 aetate
953 4004 1009 4060 bat.
1031 4003 1169 4058 Ambobus
1181 4000 1319 4074 siquidem
1335 3998 1466 4055 iratribus
1481 3999 1597 4055 infestus
1615 4000 1759 4058 insidiator

90 4099 240 4166 crescebat,
255 4116 318 4164 nec,
334 4105 363 4154 ut
382 4099 487 4153 assolet
501 4106 568 4153 aetas
581 4099 754 4171 ⁹¹⁸pucrilis,
774 4099 849 4155 luxui
860 4101 902 4156 vel
953 4101 1099 4163 existebat,
1114 4099 1163 4154 sed
1180 4098 1267 4173 magis
1287 4104 1378 4153 tamen
1410 4096 1579 4153 bolezlavum
1604 4096 1756 4168 legitimum

90 4187 259 4242 vanitatibus
275 4186 438 4243 intendebat
452 4186 537 4258 (139),
551 4187 602 4242 scd
629 4187 794 4260 ubicumque
810 4189 903 4244 hostes
954 4197 981 4246 ct
996 4205 1085 4245 acrem
1115 4187 1218 4254 animo,
1240 4195 1301 4259 post
1322 4193 1425 4258 patrem
1445 4193 1635 4259 regnaturum,
1649 4200 1699 4240 suo
1715 4185 1758 4239 in-

92 4279 198 4350 praedas
213 4296 294 4353 agere
311 4279 458 4346 sentiebat,
473 4279 539 4334 illuc
554 4279 672 4353 impiger
686 4295 748 4335 cum
763 4296 900 4354 coaequae·
953 4279 1075 4336 lortunio
1088 4278 1228 4334 metuebat
1253 4277 1308 4348 lpsi
1337 4291 1401 4331 vero
1422 4273 1518 4329 iratres
1538 4273 1702 4343 jusjurando
1727 4289 1758 4328 se

92 4374 133 4430 vis
146 4376 181 4410 999
192 4375 344 4444 juvenibus
355 4374 531 4446 properabat,
542 4383 570 4430 et
585 4375 749 4447 plerumque
760 4375 794 4411 999
805 4375 899 4431 lurtim
912 4355 941 4426 D
952 4373 1153 4442 conjunxerant
1181 4368 1216 4404 999
1237 4376 1265 4423 ct
1288 4366 1361 4421 inter
1381 4380 1411 4419 se
1433 4363 1540 4438 signum
1565 4362 1686 4418 lacerant
1711 4361 1756 4417 999.

763 4534 873 4591 vante
893 4533 1082 4590 suestanus.

127 4659 162 4694 999
175 4660 351 4716 abduxerunt
372 4660 399 4717 3.
437 4662 472 4697 999
486 4668 680 4731 argumentum
698 4664 762 4718 edit.
777 4664 838 4718 Ged.
853 4680 880 4733 p.
897 4663 942 4719 83.
965 4662 1117 4718 dccciii.
1135 4661 1161 4715 3.
1208 4660 1242 4694 999
1255 4673 1317 4712 cum
1339 4657 1366 4712 3.
1404 4655 1439 4690 999
1451 4653 1621 4728 genticulam
1646 4653 1685 4735 3.Ι
1722 4653 1757 4688 999

92 4730 157 4785 Cum
177 4733 203 4787 3.
245 4732 278 4766 999
293 4734 364 4788 deest
378 4733 404 4787 3.
434 4733 533 4788 ⁹¹⁸etc.
556 4733 670 4788 additi.
708 4734 742 4767 999
762 4741 953 4801 argumentum
978 4736 1040 4789 adit.
1069 4739 1140 4786 l'ars.
1167 4747 1193 4800 p.
1215 4729 1267 4784 136
1285 4728 1401 4783 alcarii.
1426 4727 1454 4780 2.
1474 4727 1500 4781 3.
1549 4725 1583 4760 999
1598 4725 1703 4779 exaulrs
1727 4725 1755 4778 2.

92 4802 410 4873 ⁹²¹quamrisnorcrim
438 4805 665 4875 -complacclro
689 4806 786 4860 simunt
810 4805 836 4859 3.
879 4807 1039 4877 ⁹¹¹uamquc
1066 4801 1184 4858 addit3
1228 4801 1263 4835 999
1277 4798 1420 4855 colludere
1444 4800 1471 4853 2.
1491 4798 1517 4852 3.
1561 4797 1596 4831 999
1609 4795 1712 4851 bestias
1728 4796 1754 4850 3.

93 4874 128 4907 999
146 4883 339 4944 circumactum
360 4877 423 4930 edit.
441 4883 512 4931 Vars,
527 4893 554 4945 p.
580 4876 631 4929 157
650 4876 721 4930 deest
740 4876 765 4930 l.
790 4875 818 4930 Ξ.
836 4876 862 4933 3,
903 4877 1022 4932 ⁹¹⁸estas
1043 4877 1068 4929 Ξ.
1119 4873 1153 4908 999
1169 4871 1318 4943 coequanis
1342 4871 1368 4925 3.
1386 4870 1517 4925 coortae.
1555 4868 1590 4903 999
1606 4870 1712 4940 plerum
1727 4867 1754 4920 3.

94 4944 285 5001 ⁹²⁹militarcm
306 4948 332 5000 1.
353 4946 380 5000 3.
417 4947 452 4981 999
466 4946 610 5016 pullulavit
624 4947 650 5002 3.
689 4948 723 4982 999
738 4946 846 5004 dcest3.
893 4949 927 4983 999
940 4953 1135 5018 circumcalram
1160 4944 1222 4999 adit.
1243 4949 1305 4998 Vara
1327 4959 1353 5012 p.
1387 4941 1444 4996 131.
1460 4943 1532 4997 deest
1554 4941 1577 4995 l.
1599 4942 1627 4994 2.
1656 4939 1681 4993 3.
1721 4938 1757 4971 999

93 5016 271 5073 inartisncn
296 5018 400 5072 darei.
444 5018 703 5089 la‘bleczirzicczpe
727 5019 753 5073 2.
783 5018 959 5091 mcdzyrzecz
978 5021 1004 5073 3.
1054 5017 1088 5052 999
1104 5026 1123 5070 t.
1141 5014 1159 5069 i.
1176 5015 1312 5070 aderunt
1340 5015 1367 5070 3.
1408 5013 1444 5048 999
1458 5013 1486 5066 iu
1511 5014 1586 5068 addit
1600 5011 1627 5067 3.
1673 5008 1706 5043 999
1721 5007 1756 5060 ad

96 5088 179 5142 addit.
207 5089 223 5143 3
272 5088 450 5159 ⁹³⁸compulit
475 5104 523 5159 pro
541 5088 560 5143 l.
586 5104 609 5144 e.
636 5090 660 5143 3.
712 5089 746 5124 999
766 5089 805 5144 lbi
819 5106 930 5163 quoqne
949 5105 1033 5160 usque
1057 5089 1092 5142 ad
1114 5090 1199 5153 sanem
1216 5087 1331 5155 capituli
1341 5086 1438 5141 desunt
1451 5085 1479 5138 3.
1507 5084 1554 5164 ,999
1564 5085 1757 5153 argumentum

95 5159 149 5213 adit
171 5159 439 5229 Varap.159.dccit
458 5161 483 5215 l.
507 5161 570 5216 23
621 5161 654 5195 999
671 5164 784 5215 initium
801 5165 915 5231 capituti
933 5177 1017 5232 usquc
1042 5161 1077 5214 ad
1095 5158 1232 5213 mediatur
1245 5161 1346 5214 omittit
1360 5158 1386 5212 3.
1429 5154 1757 5226 ⁹⁸¹dl1udquoqucpro
1845 5212 1849 5221 ⁴

96 5230 117 5284 l.
131 5247 159 5302 g.
173 5246 197 5285 c.
220 5248 247 5302 q.
271 5232 297 5285 3.
341 5231 376 5266 999
390 5232 459 5295 et3,
502 5232 537 5266 999
552 5231 638 5305 gradu
663 5232 772 5287 concito
791 5234 866 5288 addit
884 5235 1004 5301 boclam
1019 5232 1045 5288 3.
1086 5230 1120 5264 999
1136 5228 1242 5298 redegit
1266 5231 1291 5285 1.
1331 5230 1367 5264 999
1381 5228 1410 5282 Ε.
1435 5243 1462 5298 q.
1480 5242 1516 5280 m.
1532 5224 1758 5295 usqueadfinem

95 5301 359 5371 capitutidcsunti.
408 5302 441 5337 999
456 5304 880 5373 tatumuoccapitulumdacsffi.
923 5304 957 5340 999
975 5308 1168 5374 argumentum
1184 5301 1246 5356 edit.
1266 5307 1338 5357 Vara.
1351 5317 1378 5370 p.
1395 5298 1564 5354 l60dacrtl.
1580 5298 1608 5350 3.
1645 5295 1679 5331 999
1694 5307 1758 5348 con·

89 5371 234 5440 junxerint
247 5373 274 5427 2.
319 5372 355 5406 999
366 5372 483 5429 facerint
496 5372 522 5428 3.

878 5445 975 5502 NOTAE

129 5573 201 5646 (129)
216 5572 354 5648 Salllug.
370 5572 414 5629 til.
433 5573 462 5630 S.
952 5577 1052 5633 ducatu
1068 5574 1260 5631 Pozuaniensi.
1281 5575 1308 5630 S.
1324 5575 1410 5631 utiam
1434 5572 1599 5629 senteutiam
1615 5572 1700 5629 tuitus
1718 5574 1762 5627 est

131 5645 204 5713 1130)
224 5643 418 5716 ldiedzyrzccz,
441 5645 598 5722 germanice
615 5651 722 5703 tiaram
741 5647 770 5702 in
802 5662 901 5720 magno
953 5647 1133 5704 Gicsebrceht
1148 5645 1314 5702 chdisebe
1332 5646 1428 5714 decb„
1445 5662 1474 5712 u,
1494 5644 1617 5713 toa.‚1t.
