3720 6014
113 272 168 330 655
722 271 895 332 srutsshut
915 270 1173 333 GEllehCliNSlS.
1726 274 1785 333 ssd

114 399 190 457 Uniri
205 397 309 455 Christo
328 397 382 453 nisi
397 398 433 454 sit
451 397 498 469 pia
516 397 683 456 sollicitudo.

934 404 1073 476 Adbbas,
1088 406 1135 478 qul
1150 412 1243 462 sentus
1261 405 1343 462 nobis
1357 403 1444 461 luerat
1460 405 1612 473 lliemarus,

165 491 211 546 Est
242 491 331 547 honor
349 496 482 555 aeternus,
508 507 591 563 quem
614 490 661 545 dat
680 489 751 548 caris
768 491 822 546 sibi
843 491 920 548 Chri·
972 495 1152 566 virsimplex‚
1169 500 1269 560 rectus,
1282 495 1402 566 patiens,
1417 494 1538 562 humilis,
1553 494 1603 550 tibi
1618 500 1728 568 gratus.

829 582 918 654 [stus]
971 583 1072 651 Gloria,
1088 584 1202 649 divitiae,
1217 599 1267 639 ceu
1282 590 1383 654 puncto
1399 584 1509 639 mobilis
1524 583 1600 639 horae

111 672 256 746 Nunquam
269 671 390 740 deficiet,
402 673 468 745 quia
482 672 646 729 sufficientia
661 672 709 731 fret

113 762 150 817 Ex
166 762 238 833 ipso,
253 777 303 833 per
322 778 397 830 eum,
409 777 458 832 per
476 777 559 832 quem
570 769 633 818 sunt
649 763 741 818 omnia
755 779 857 819 rernm.

112 852 245 909 Abbatem
265 853 392 926 quintum
409 852 458 908 tibi
472 851 633 909 defunctum
648 854 828 910 llathelinum

112 944 164 1000 Cur
177 945 228 1002 iles
241 961 306 1021 grex
322 945 440 1002 Christi?
459 946 565 1012 Letare,
583 948 657 1018 quod
678 947 750 1004 hunc
763 948 883 1003 habuisti

110 1036 346 1108 Dispensatorem,
361 1053 416 1093 non
436 1037 495 1094 solo
508 1037 621 1094 nomine
636 1049 741 1110 patrem

111 1124 142 1180 lo
155 1140 184 1180 re
197 1126 348 1193 communi,
360 1126 407 1198 qui
423 1125 542 1181 nonsibi
556 1127 718 1182 commodus
732 1127 779 1182 uni

112 1216 182 1273 Vixit
196 1219 255 1274 avis
267 1234 338 1285 rara,
354 1218 404 1273 sed
418 1233 479 1273 raro
493 1233 607 1272 munere
622 1234 684 1274 cara

113 1308 176 1377 Ore,
192 1326 276 1365 manu
287 1316 381 1384 gratus
391 1308 452 1376 luit,
466 1308 597 1365 omnibus
612 1310 705 1365 omnia
720 1311 815 1368 lactus.

113 1405 191 1461 hunc
205 1420 312 1461 morum
328 1403 457 1476 grauitas,
472 1401 534 1457 vitae
549 1403 689 1458 decoravit
706 1405 848 1472 honestas;

111 1495 198 1551 Verus
209 1511 287 1551 amor
302 1493 410 1560 Christi,
425 1493 567 1564 splendor,
584 1493 676 1550 fervor
689 1494 740 1550 luit
755 1496 811 1563 isti,

109 1588 177 1644 Nam
189 1588 242 1644 sibi
255 1587 389 1652 fervebat,
399 1586 550 1658 splendens
565 1585 626 1641 aliis
640 1586 776 1655 radiabat,

111 1681 277 1754 Suppositus
290 1679 372 1755 lignis
381 1679 457 1734 velut
471 1678 550 1735 ardet
564 1686 593 1735 et
611 1679 711 1736 emieat
725 1679 813 1752 ignis:

110 1774 142 1829 Et
155 1772 291 1829 fraternus
300 1786 389 1839 amor,
400 1777 532 1842 tanquam
547 1769 686 1826 radicibus
701 1771 784 1828 arhor

110 1864 174 1920 Fixa
187 1863 279 1932 bonis,
295 1862 413 1919 fructum
427 1867 534 1936 gratum
550 1861 684 1917 reddebat
699 1869 726 1918 et
740 1869 844 1934 aptum.

110 1957 191 2013 lstius
206 1971 273 2012 eura
285 1959 360 2010 stant
375 1969 438 2027 que
457 1953 566 2009 lucrant
581 1953 696 2019 mitura,

109 2052 201 2108 llebus
215 2051 243 2106 in
253 2049 377 2107 adversis
387 2047 471 2105 turris
486 2047 576 2104 luerat
588 2048 667 2119 quasi
680 2048 774 2115 sortis3

108 2141 209 2199 Vivens
228 2140 358 2204 discrete,
369 2154 468 2194 curans
481 2136 603 2193 curanda
612 2138 748 2195 modeste.

110 2233 214 2291 Preluit
227 2231 386 2307 istegradu‚
402 2237 444 2286 set
458 2236 534 2286 recto
549 2229 652 2300 profuit
666 2236 738 2286 actu.

85 2381 86 2384 ,
108 2325 195 2383 iustis
205 2324 292 2381 adniti
307 2329 387 2379 norat
399 2321 545 2394 pravisque
558 2320 650 2376 reniti.

108 2420 227 2476 Immitis
240 2419 348 2483 mitem,
361 2415 410 2473 sed
425 2423 453 2473 et
467 2417 614 2487 impatiens
634 2415 784 2483 patientem

109 2507 257 2565 llirabatur
268 2521 343 2571 eum,
358 2503 412 2559 sibi
427 2519 588 2575 proponens
598 2504 771 2561 imitandum.

109 2596 209 2653 Dicens
219 2593 337 2651 dicenda
347 2591 507 2664 faciensque
520 2592 596 2663 prior
609 2591 735 2648 iacienda

108 2685 208 2742 litavit
223 2684 343 2756 culpam,
358 2680 469 2737 laudem
484 2681 584 2736 meruit
603 2681 655 2736 sibi
670 2681 794 2737 multam.

109 2776 191 2832 Panis
205 2774 321 2832 meroris
336 2770 388 2829 tuit
401 2770 465 2826 huic
480 2778 617 2842 potusque
632 2770 738 2826 doloris

110 2870 205 2927 Carnis
216 2866 406 2939 elaustrapati,
421 2863 524 2920 differri
536 2880 589 2920 nec
602 2864 701 2921 sociari

109 2958 226 3025 Christo,
236 2956 315 3027 cujus
328 2970 405 3010 amor
418 2953 612 3010 sibituncerat
622 2955 735 3010 intimus
750 2955 840 3012 ardor.

31 3060 34 3067 '
108 3051 140 3107 lit
151 3058 252 3107 terram
267 3053 347 3104 terme
360 3045 491 3111 reddens,
508 3046 626 3101 animam
640 3046 689 3102 tibi
707 3047 822 3116 Christe,

105 3140 210 3199 blundo
222 3139 388 3203 subtractus,
400 3137 498 3193 letatur
514 3154 576 3208 pars
590 3145 635 3192 tua
655 3137 753 3204 lactus,

106 3234 185 3291 Hunc
198 3232 262 3290 vitae
277 3229 381 3305 fragilis
393 3229 415 3284 si
429 3245 500 3284 noxa
510 3235 587 3285 tenet
601 3230 727 3285 venialis.

105 3322 172 3379 Nam
187 3321 265 3378 viciis
284 3334 369 3376 nemo
383 3319 445 3373 sine
457 3318 588 3386 nascitur,
606 3319 720 3374 estsine
739 3336 831 3377 nemo.

105 3410 204 3469 Christi
219 3427 285 3486 grex
300 3425 358 3475 ora,
375 3407 504 3480 precibus
515 3407 610 3463 delere
629 3408 732 3464 labora.

103 3504 179 3563 Votis
194 3503 296 3575 placari
311 3502 369 3558 vult
379 3499 510 3567 Christus,
526 3500 639 3572 vultque
651 3502 754 3573 rogari;

102 3593 161 3663 list,
180 3610 242 3650 cum
257 3592 293 3648 sit
302 3591 402 3662 justus,
420 3588 497 3661 pius;
521 3595 563 3644 est
577 3589 720 3660 ignoscere
737 3598 861 3662 promtus

154 3685 210 3741 ileo
223 3683 277 3739 sibi
290 3680 396 3737 dicenti
413 3679 480 3734 dicit
495 3695 561 3753 grex
578 3679 643 3734 tolia
658 3680 771 3736 Christi:

101 3775 180 3842 Quod
193 3773 294 3830 suades
306 3771 417 3837 luciam,
429 3785 486 3824 rem
498 3771 560 3838 iuro
577 3785 673 3826 mones
688 3773 752 3843 quia
762 3773 875 3843 justam.

101 3864 217 3920 Umbras
229 3860 373 3932 culparum
388 3863 472 3913 tetras
484 3855 614 3928 princeps
629 3859 803 3915 tenebrarum

100 3952 160 4009 lion
171 3951 246 4016 huic,
259 3963 316 4004 non
331 3945 434 4001 nostris
445 3944 595 4013 defunctis,
614 3945 722 4020 ingerat
737 3948 838 4014 hostis;

933 1709 959 1776 tl

970 673 1128 730 Permutant
1141 675 1279 740 dominos,
1295 690 1365 746 quos
1376 689 1447 729 sano
1461 681 1581 728 scemate
1597 671 1688 728 nudos

970 766 1065 820 dulert
1078 767 1256 822 boiamundo
1271 780 1356 833 mors,
1373 781 1428 821 non
1444 764 1587 836 placabilis
1599 780 1676 820 auro.

971 853 1033 908 llaec
1047 855 1129 909 homo
1144 854 1208 908 dum
1221 854 1319 920 cernit,
1331 854 1397 925 quid
1409 863 1480 909 terra
1490 854 1617 924 cinisque
1630 851 1786 923 superbit?

970 943 1039 1008 Quid
1055 943 1143 998 cuivis
1157 942 1258 1014 cupido
1270 944 1383 1014 prodest
1396 942 1665 1014 mundanacupidol

972 1031 1023 1087 Cur
1035 1032 1128 1087 studet
1141 1031 1257 1097 ambire,
1270 1047 1332 1087 cum
1347 1048 1427 1106 reges
1442 1033 1532 1088 cernit
1544 1031 1634 1098 obire,

972 1124 1002 1178 Et
1017 1140 1078 1179 cum
1093 1129 1215 1179 rectores
1225 1140 1298 1179 mors
1313 1124 1416 1196 abripit
1432 1123 1599 1180 interiores?

970 1212 1101 1267 liundum
1119 1227 1181 1268 cum
1208 1213 1337 1286 linquunt
1370 1214 1403 1268 de
1422 1214 1526 1269 mundo
1555 1219 1664 1283 sumpta
1693 1211 1785 1266 relin-

1670 1299 1784 1371 [quunt]

972 1389 1002 1446 Bt
1017 1391 1220 1446 mundanarum
1234 1390 1290 1459 jam
1306 1389 1372 1444 nudi
1385 1388 1553 1455 divitiarum,
1785 1456 1790 1463 Ι

969 1484 1065 1539 Secum
1081 1483 1139 1539 sola
1152 1482 1243 1536 lerunt
1256 1482 1330 1537 bona
1340 1482 1382 1539 vel
1391 1482 1462 1536 mala
1477 1496 1538 1553 qnae
1548 1484 1720 1536 meruerunt.

969 1575 1023 1630 Sed
1035 1573 1101 1629 lelix
1115 1574 1181 1642 exit,
1202 1574 1249 1646 qui
1261 1573 1327 1629 dum
1342 1573 1419 1640 vixit,
1436 1573 1507 1628 bene
1520 1568 1597 1628 viiie.

1025 1666 1164 1722 iustorum
1179 1680 1304 1730 consors,
1319 1672 1348 1720 ut
1359 1679 1491 1735 penarum
1504 1662 1575 1718 toret
1593 1677 1699 1729 exsors,

969 1760 1021 1814 Per
1036 1767 1142 1829 portam
1157 1757 1231 1823 uitae,
1248 1756 1397 1823 Christum,
1412 1755 1461 1810 sed
1477 1772 1531 1811 non
1547 1754 1660 1810 aliunde

968 1848 1085 1915 latrans,
1104 1852 1280 1919 augmentum
1296 1852 1375 1916 pater
1389 1844 1433 1899 hic
1446 1844 1548 1898 meruit
1563 1844 1737 1899 meritorum.

968 1935 1072 2006 Nempe
1086 1933 1163 2009 gregi
1182 1933 1279 1988 Christi
1290 1932 1401 1988 servivit
1412 1948 1488 1988 more
1503 1931 1636 1999 ministri,

968 2024 1145 2097 Correxitque
1155 2023 1194 2096 pii
1208 2024 1276 2079 daus
1289 2023 1418 2098 dogmate
1433 2038 1510 2079 more
1529 2023 1665 2097 magistri,

969 2114 1003 2169 Se
1017 2113 1102 2169 studii
1116 2112 1230 2168 lormam
1247 2112 1384 2183 praebens,
1400 2112 1462 2167 vita
1476 2127 1587 2184 qnoque
1601 2127 1742 2168 normam.

967 2205 1089 2263 lloribus
1101 2204 1207 2272 inculti,
1221 2203 1267 2259 tali
1285 2203 1336 2259 sub
1352 2219 1465 2259 vomere
1480 2203 1558 2259 culti.

967 2298 1096 2354 Ornatum
1111 2313 1217 2352 morum
1231 2295 1390 2368 fructusque
1404 2296 1508 2351 dabant
1523 2297 1694 2362 animorum3

966 2387 1036 2444 iusti
1052 2387 1099 2460 qui
1112 2386 1232 2451 luerant,
1243 2374 1305 2441 cum
1315 2384 1391 2454 justo
1406 2384 1599 2455 proficiebant.

967 2481 1112 2556 stringens
1126 2479 1236 2553 spiritui
1246 2495 1276 2534 se
1291 2477 1427 2550 compede
1445 2478 1584 2550 spirituali

966 2568 1000 2623 Sc
1010 2568 1060 2624 tibi
1070 2567 1189 2636 subjecit
1204 2568 1285 2622 lhesu
1298 2566 1333 2601 ⁷⁸²
1346 2581 1514 2639 carnemque
1524 2566 1644 2640 subegit,

965 2661 1042 2716 illam
1058 2661 1170 2733 spiritui
1186 2677 1327 2733 nunquam
1343 2676 1441 2732 passus
1455 2661 1604 2728 dominari,

966 2756 1037 2821 Quin
1049 2756 1225 2829 potiussubdi
1240 2756 1356 2831 cogebat
1371 2765 1398 2811 ot
1411 2757 1567 2811 extenuari.

966 2848 1011 2903 Sic
1026 2848 1112 2922 magis
1126 2847 1267 2902 imbellem
1283 2847 1487 2919 cupiensquam
1500 2846 1557 2902 fere
1575 2847 1720 2903 rebellem.

967 2934 1028 2991 llaec
1043 2936 1096 2991 sibi
1112 2935 1228 3002 dicenti,
1248 2934 1316 2990 dicit
1331 2952 1397 3008 grex
1416 2935 1480 2991 talia
1496 2935 1613 2991 Christi:

926 3030 1032 3116 evera
1048 3030 1144 3097 relers,
1161 3030 1257 3101 paucis
1273 3029 1462 3104 perstringens
1477 3029 1596 3100 plurima
1610 3029 1713 3085 verbis.

963 3126 1040 3182 iusta
1064 3125 1176 3188 docens,
1193 3125 1296 3196 injusta
1319 3140 1430 3191 cavens,
1451 3130 1529 3196 pater
1549 3124 1593 3180 hic
1618 3123 1692 3181 bona
1708 3142 1777 3181 sua-

1645 3215 1740 3290 [dens.

964 3314 1019 3370 lloc
1031 3313 1122 3369 studio
1136 3313 1232 3376 crevit,
1249 3319 1343 3385 gratus
1357 3311 1585 3383 spernendasque
1600 3313 1721 3382 sprevit3

967 3403 1015 3459 llic
1025 3419 1131 3459 morum
1147 3401 1253 3457 meritis
1272 3402 1306 3456 ad
1321 3416 1392 3456 onus
1406 3408 1549 3471 promotus
1563 3400 1685 3467 honoris,

967 3493 1116 3547 lntendens
1130 3490 1208 3547 oneri
1220 3489 1469 3561 superintendebat
1483 3489 1593 3555 honori,

966 3585 1087 3658 itemque
1098 3587 1238 3657 decusque
1247 3584 1330 3640 dabat
1339 3582 1404 3650 sibi,
1416 3583 1489 3655 quod
1501 3583 1653 3654 pmdenter
1663 3583 1779 3658 agebat,

964 3676 997 3732 Ut
1012 3685 1131 3750 tempus,
1146 3677 1280 3749 probitas,
1297 3692 1350 3740 res,
1363 3691 1411 3731 seu
1432 3674 1564 3745 poscebat
1578 3675 1721 3731 honestas.

998 3768 1119 3825 iusticias
1134 3769 1223 3825 cultor
1239 3768 1298 3835 luit,
1314 3767 1378 3821 hinc
1394 3766 1523 3820 inimicus
1537 3772 1564 3821 et
1577 3765 1651 3822 ultor

962 3858 1069 3916 Peccati
1081 3860 1205 3931 pedicam
1222 3857 1431 3914 noninreniens
1447 3855 1597 3912 inimicam.

962 3945 989 4006 Si
1007 3950 1081 4005 lorus
1091 3949 1213 4017 accedat,
1229 3963 1279 4002 sua
1293 3945 1415 4017 dampna
1424 3945 1562 4018 gemendo
1579 3945 1700 4001 recedat.

101 4043 155 4100 Sed
177 4041 214 4097 sit
251 4040 291 4096 eis
321 4037 443 4111 requies,
468 4037 504 4094 sit
527 4037 572 4093 lux
602 4054 651 4110 per
677 4040 770 4096 secula
799 4057 908 4113 perpes.
961 4044 1009 4099 llio
1020 4043 1095 4098 uiuat
1106 4041 1216 4107 melius,
1233 4039 1320 4094 luerat
1344 4036 1389 4094 cui
1412 4036 1505 4093 virere
1521 4035 1654 4093 Christus.
1670 4040 1773 4096 Amen.

792 4131 908 4206 lamen

298 4203 341 4258 DE
359 4199 549 4256 tutaththo
570 4200 706 4259 thudun.

97 4317 151 4373 llos
162 4313 332 4374 consolantis
347 4328 405 4379 cor,
422 4310 477 4366 cari
491 4318 580 4367 morte
595 4311 729 4367 dolentis:

1167 4129 1209 4185 bb
1226 4126 1409 4183 blETllARDO
1423 4125 1559 4181 dllllhTE.

958 4222 1014 4279 Vox
1028 4219 1198 4279 consolantis
1212 4234 1270 4286 cor,
1286 4217 1341 4273 cari
1358 4222 1446 4272 morte
1461 4214 1596 4270 dolentis:

994 4317 1064 4373 ltulli
1077 4323 1227 4388 perpetuus
1241 4312 1442 4368 mundanarum
1459 4311 1541 4366 datur
1554 4326 1621 4366 usus

148 4409 257 4477 Anceps
271 4410 312 4459 0⁸²
328 4401 457 4462 mundus,
475 4415 600 4473 praeceps
618 4399 706 4456 flustfll
721 4402 775 4456 Sibi
791 4418 905 4473 cursu&
918 4399 1067 4479 Dilerum3
1083 4417 1148 4467 sunt
1163 4409 1252 4477 oneri,
1267 4424 1328 4480 quae
1343 4413 1408 4462 sunt
1424 4406 1459 4461 ad
1476 4411 1585 4477 tempus
1601 4407 1715 4462 honori.

95 4494 189 4551 Rebus
204 4490 352 4549 mundanis
364 4489 515 4545 miscentur
528 4489 616 4545 tristia
630 4490 703 4559 letis,

95 4589 309 4660 Succeduntque
320 4585 384 4653 sibi,
401 4585 465 4656 quia
481 4584 521 4639 sic
534 4583 619 4639 currit
630 4592 688 4640 rota
702 4586 809 4641 niundi.

95 4679 200 4736 llerens
215 4677 349 4743 instabili,
369 4675 462 4731 nullus
473 4676 575 4747 poterit
589 4676 718 4731 stabiliri.

93 4766 274 4825 Transiteum
289 4766 405 4832 mundo,
421 4764 468 4836 qui
489 4780 544 4820 non
558 4764 631 4820 bene
646 4765 713 4820 vivit
729 4765 757 4820 in
773 4766 831 4823 illo.

93 4859 144 4928 eut
160 4858 285 4932 sequitur
298 4857 424 4920 ihesum,
437 4854 500 4911 lelix
512 4862 662 4931 conregnat
676 4857 704 4912 in
715 4874 813 4913 avum.

955 4504 1049 4561 llrrndi
1065 4509 1250 4574 contemptor,
1265 4501 1330 4558 felix
1345 4498 1515 4555 mercabitur
1534 4504 1642 4570 emptor

956 4594 1006 4651 Pro
1022 4594 1097 4668 gazis
1111 4592 1219 4659 mundi,
1233 4607 1313 4664 gazas
1330 4588 1465 4662 etgaudia
1481 4586 1549 4653 coli;

955 4687 1067 4759 Emptos
1077 4686 1130 4742 erit
1144 4685 1218 4753 l'elix,
1234 4691 1261 4739 et
1276 4680 1454 4738 commutatio
1474 4679 1538 4735 lelix

955 4776 1019 4841 Quae
1035 4774 1111 4830 dabit
1126 4771 1254 4843 emptori,
1271 4769 1345 4842 quod
1360 4769 1386 4824 el
1397 4768 1432 4824 sit
1447 4782 1557 4838 semper
1570 4766 1682 4823 honori.

956 4867 1077 4924 Caelestis
1090 4865 1184 4938 patriae
1193 4863 1337 4920 concivem
1354 4860 1461 4918 civibus
1476 4876 1550 4926 esse,

90 4949 124 5006 lit
138 4949 201 5022 quis
216 4964 279 5005 eum
292 4943 438 5018 sequitur?
460 4945 511 5010 Qui
529 4952 621 5001 mente
636 4962 758 5017 sequens
771 4947 903 5005 imitatur.
955 4957 1046 5013 blente
1061 4955 1114 5011 lrui
1128 4953 1245 5019 Christo,
1261 4952 1365 5008 mundo
1378 4950 1482 5006 meritis
1498 4958 1638 5021 superato.

91 5042 121 5097 ln
137 5043 218 5098 rebus
228 5039 324 5096 mundi
337 5054 402 5110 spos
412 5043 453 5092 est
465 5037 569 5093 incerta
578 5037 662 5093 futuri
674 5055 681 5092 :

88 5133 188 5191 llultos
197 5133 257 5205 ipsa
266 5139 358 5188 tamen
373 5127 446 5203 cogit
459 5127 580 5200 perterre
591 5129 726 5201 laborem,

89 5222 227 5281 lacertum
243 5222 339 5290 linem,
354 5227 460 5278 eertum
475 5217 619 5290 prebendo
632 5219 768 5278 laborem.

140 5316 238 5392 lligrat
251 5316 286 5372 ab
306 5312 427 5371 haesita
441 5310 518 5378 felix,
533 5311 577 5366 eui
590 5311 625 5366 sit
640 5313 684 5368 via
698 5314 753 5371 rita

981 5048 1082 5104 Pistica
1096 5062 1148 5102 ceu
1164 5045 1268 5101 nardus
1287 5043 1415 5101 redolens
1428 5042 1516 5098 abbas
1531 5040 1698 5098 Liethardus

946 5142 1087 5214 Septimus
1099 5138 1225 5204 accessit,
1241 5138 1289 5211 qui
1305 5137 1380 5194 nullo
1397 5135 1508 5193 turbine
1523 5134 1616 5200 cessit,

949 5231 1018 5297 Quin
1029 5235 1123 5302 pastor
1136 5243 1227 5297 serus,
1246 5226 1338 5298 pravis
1350 5225 1458 5281 ratione
1473 5238 1587 5279 severus

950 5321 1036 5391 Esset,
1053 5321 1204 5377 mansuetis
1216 5322 1390 5386 mansuetus,
1409 5325 1505 5391 gratus
1519 5313 1655 5369 honestis.

88 5402 220 5475 Christus,
235 5405 417 5480 quiquoniam
430 5403 524 5473 talem,
539 5402 860 5477 meruitquoquesitam.
948 5411 1007 5469 Non
1037 5411 1126 5467 honor
1153 5408 1218 5465 huic
1245 5405 1295 5463 sed
1318 5421 1389 5464 onus
1421 5403 1482 5470 luit,
1514 5401 1628 5458 exilium
1649 5417 1768 5476 quoquc

88 5496 194 5556 Christe
205 5500 378 5571 viam,vitam
392 5507 418 5556 te
431 5497 585 5572 promeruit
594 5497 648 5552 sibi
663 5515 754 5557 veram

1584 5490 1728 5562 [mundus.

769 5630 879 5687 lellAE
893 5629 1081 5690 LECTIONES.

111 5694 421 5768 '‘measti-seriptum,
