3720 6014
95 107 166 164 1013

836 111 1021 168 scultellas.

1693 117 1761 173 tort

93 236 158 285 sunt
187 229 248 285 sine
289 230 442 286 intellectu.
469 231 582 302 Repulit
618 248 666 289 eos
704 242 731 289 et
758 234 902 302 destruxit,
917 239 1036 307 Altooit
1056 225 1258 291 Dorntmcs'dtes
1283 237 1518 291 imrnacutatoratm
1541 240 1625 308 (Psoi,
1656 241 1759 309 xxxxi).

93 321 205 393 quando
237 323 429 395 unusquisque
470 322 580 379 illerum
615 326 741 382 recolens
769 328 843 398 apud
875 343 904 383 sc

92 414 166 485 quod
195 412 290 489 lingua
328 413 514 484 imprudentis
549 416 695 472 subversio
721 425 765 471 est
796 417 903 489 ipsius,

90 505 229 575 applicare
269 521 299 560 sc
327 505 417 561 noluit
448 505 645 577 imprudentia
683 508 775 575 illius;
801 518 902 581 quate·

94 615 146 653 nus
161 615 210 670 per
231 598 321 671 ipsum
352 600 397 655 cai
426 601 518 656 omnis
538 601 724 677 linguatorum
752 605 905 662 scurrilitas

92 695 134 743 est
149 703 260 760 semper
270 703 363 756 exesa,
380 688 547 745 liberaretur
561 707 576 746 a
588 691 669 747 labiis
687 693 792 765 iniquis
806 700 833 749 et
846 694 904 749 lin-

92 793 147 850 gua
161 776 266 832 dolosa.
282 776 395 848 Repulit
406 792 454 834 eos
470 786 497 834 ct
512 779 659 846 destruxit,
675 782 787 853 quando
801 783 901 854 repleti

94 867 185 924 iructu
192 870 318 937 iustitiae,
333 868 440 941 epulari
450 870 592 927 noluerint
606 875 636 927 ia
647 873 778 939 tannarie
792 877 904 930 mathie

93 963 118 1013 et
133 961 270 1029 nequitia,
284 959 341 1024 sed,
350 966 510 1030 contempto
524 961 616 1030 potius
626 961 903 1034 ciboialsitatis,epu-

94 1046 140 1101 lati
157 1055 221 1102 sunt
234 1049 265 1102 in
277 1051 380 1117 caparis
394 1050 561 1105 sinceritatis
576 1054 601 1105 ct
611 1053 735 1106 veritatis
751 1051 774 1122 (l
790 1053 849 1107 Cor.
865 1053 903 1106 ν.)

92 1139 204 1210 Repulit
216 1147 299 1194 eoset
314 1138 459 1206 destruxit,
473 1142 625 1211 quandout
638 1143 900 1213 apprehenderetin

95 1227 134 1280 eis
154 1226 286 1282 messium
302 1227 457 1282 divinarum
476 1228 574 1284 tritura
599 1230 778 1297 vindemiam,
799 1231 901 1302 Spiritu

92 1327 187 1376 saneto
215 1320 362 1376 uoluerunt
395 1320 497 1378 inferre
535 1323 750 1394 blasphemiam:
783 1326 902 1380 seientes

957 329 1066 400 Repulit
1082 345 1130 385 eos
1142 335 1169 382 ct
1183 328 1328 395 destruxit,
1344 329 1455 400 quando
1476 330 1617 398 cujusdam
1630 327 1692 385 'viri
1712 349 1761 387 sa·

956 421 1057 490 picatis
1084 421 1258 476 observando
1273 420 1411 487 mandata,
1432 422 1542 492 quasia
1566 421 1634 477 facio
1656 423 1761 479 colubri

955 511 1050 588 sugere
1071 520 1192 584 peccata,
1214 528 1248 567 ne
1265 511 1374 566 illorum
1392 527 1441 582 per
1459 512 1551 567 omnia
1579 523 1763 584 sequerentur

954 616 1062 658 errores
1081 603 1116 658 dc
1135 602 1235 674 quibus
1257 601 1389 671 seriptum
1408 609 1464 654 est:
1479 600 1606 656 Gladium
1631 605 1762 670 coopida-

954 702 1019 752 rrmt
1032 701 1183 766 peccatores
1200 694 1377 765 laetaturae
1396 701 1438 749 cst
1455 693 1501 749 illa
1514 695 1674 759 destructio,
1692 697 1760 752 dile-

954 784 1067 840 ctissimi
1083 783 1191 847 iratres
1209 799 1356 854 perquam
1372 790 1506 852 martyres
1521 782 1564 836 isti
1581 784 1760 850 sanctissimi,

954 875 1026 929 inter
1044 874 1148 929 electos
1171 880 1200 926 et
1219 871 1396 927 circumcisos
1419 871 1548 925 destructi
1574 880 1637 926 sunt
1658 879 1760 942 patres,

954 962 1064 1034 quando
1093 967 1320 1031 perannaturum
1349 960 1396 1014 Dei
1418 959 1508 1014 induti
1533 960 1646 1029 justitie
1665 962 1760 1030 armis,

953 1047 1105 1103 circumcisi
1135 1055 1200 1102 sunt
1221 1047 1432 1102 circumcisione
1458 1063 1514 1101 non
1536 1050 1702 1115 ninuulacta,
1731 1051 1760 1104 in

953 1139 1140 1210 expoliatione
1156 1138 1279 1209 corporis
1294 1139 1395 1193 carnis.
1414 1139 1444 1193 Et
1458 1139 1521 1193 ideo
1534 1140 1597 1210 quia
1614 1140 1707 1195 nullus
1718 1142 1760 1195 vi·

953 1233 1052 1287 tiorum
1073 1239 1229 1286 nostrerum
1257 1230 1607 1300 potestrepellereehaos,
1635 1233 1689 1286 uisi
1717 1233 1759 1287 cui

952 1340 1001 1393 pro
1015 1323 1162 1393 gratiarum
1183 1322 1290 1378 actione
1305 1321 1421 1376 dicitur:
1444 1324 1512 1376 Deus
1528 1325 1654 1392 repulisti
1670 1339 1717 1379 aas
1736 1329 1761 1379 et

90 1409 220 1464 videlicet
234 1410 299 1481 quia
313 1410 425 1480 spiritus
457 1410 552 1485 gloriar
579 1413 707 1469 licitere
736 1414 763 1468 in
790 1414 836 1469 illo
856 1431 899 1470 re·
949 1415 1759 1485 destraaistinos,ideircoprophetaenumeraturusmllnrc

73 1501 220 1572 quiescit,
237 1502 283 1573 qui
305 1501 451 1557 Christiani
473 1503 592 1559 nominis
620 1520 720 1560 nornen
750 1522 805 1561 non
833 1522 899 1562 eru·
952 1511 979 1557 et
994 1504 1046 1558 alia
1059 1502 1195 1558 beneficia
1211 1503 1413 1573 Redemptoris,
1429 1503 1561 1558 contiuuo
1572 1503 1757 1559 subinserens.

92 1594 191 1648 bescit.
210 1594 320 1665 Repulit
347 1609 395 1649 eos
409 1602 436 1649 et
460 1595 605 1662 destruxit,
632 1598 742 1668 quando
764 1583 827 1653 ‘odio
852 1599 900 1652 ha-
915 1562 939 1629 B
952 1601 1089 1663 lratases,
1115 1597 1213 1668 inquit,
1231 1601 1256 1651 et
1271 1599 1395 1652 misertas
1415 1613 1441 1652 cs
1457 1598 1535 1653 nabis
1562 1598 1581 1652 0
1597 1599 1637 1652 ira
1652 1597 1758 1652 miseri-

93 1687 192 1740 bentes
207 1701 310 1740 omnem
323 1689 396 1741 aiam
410 1688 568 1757 iniquitatis
595 1690 679 1754 (Psoi.
705 1689 805 1759 carru),
830 1690 901 1744 viam
953 1702 1013 1742 cors
1033 1692 1060 1741 et
1079 1685 1195 1740 salubris
1216 1685 1369 1757 indignatio
1393 1702 1443 1755 per
1469 1702 1550 1757 quam
1571 1686 1710 1741 tructuosa
1730 1686 1759 1742 fit

94 1774 186 1844 potius
201 1774 310 1847 elegere
327 1775 465 1837 veritatis:
482 1775 521 1829 illi
536 1776 667 1832 videlicet
682 1779 744 1832 sinc
759 1778 900 1833 intermis·
951 1780 1041 1835 omnis
1055 1778 1223 1834 infructuosa
1236 1780 1416 1834 conversatio.
1426 1780 1445 1834 0
1455 1772 1494 1834 ira
1511 1780 1679 1843 misericors,
1697 1797 1758 1852 quae

92 1867 170 1922 sione
183 1868 370 1938 supplicantes
391 1867 484 1922 verbis
506 1877 533 1923 ct
549 1884 588 1933 re,
613 1871 646 1922 ad
669 1886 751 1941 quem
777 1869 900 1926 Psalmo·
951 1870 991 1924 sic
1014 1870 1140 1924 irascitur
1163 1877 1193 1923 ut
1214 1868 1369 1934 subveniat,
1393 1869 1433 1922 sic
1459 1868 1580 1923 minatur
1598 1877 1628 1922 ut
1653 1878 1756 1940 pareat,

90 1960 330 2031 graphas:Vtam,
348 1960 447 2032 iuquit,
462 1963 793 2031 iniquitatisameeeemc
808 1963 902 2034 libid).
951 1958 991 2014 sic
1016 1956 1105 2011 aulcrt
1132 1964 1163 2011 ut
1188 1956 1324 2019 restituat,
1350 1956 1390 2010 sic
1419 1955 1504 2010 tradit
1528 1964 1557 2010 ut
1584 1956 1696 2026 eripiat,
1717 1957 1757 2012 sic

93 2051 205 2121 Repulit
219 2066 268 2107 eos
283 2059 310 2106 ct
336 2053 481 2121 destruxit,
498 2053 609 2124 quando
629 2054 701 2108 utin
725 2055 766 2109 eis
780 2054 901 2110 coelestis
951 2047 1070 2101 desiluit
1083 2052 1112 2100 ui
1134 2044 1248 2106 munisti,
1270 2044 1309 2099 ⁵50
1337 2044 1431 2111 abjicit
1453 2055 1482 2098 ¹11
1498 2044 1621 2115 militiai·
1639 2046 1657 2100 θ
1673 2062 1754 2116 <issam

91 2143 234 2213 sapientiae
247 2143 436 2215 requiesceret
461 2145 615 2212 thesaurus,
634 2146 711 2214 juxta
731 2153 898 2217 praeceptum
950 2137 1068 2192 salubris
1084 2136 1245 2207 indignam,
1268 2136 1386 2206 ‘1¹¹³‘le
1405 2136 1501 2190 avellit
1527 2143 1556 2190 Ul
1577 2136 1700 2205 r''Cllllssh
1716 2137 1756 2192 sic

89 2231 257 2287 Salomonis:
290 2232 349 2286 Non
378 2247 408 2287 sc
428 2233 596 2288 extollebant
624 2234 650 2287 in
684 2235 899 2306 cogitationibus
950 2231 1052 2287 claudit
1064 2238 1093 2285 ut
1107 2232 1225 2301 aperiat,
1250 2230 1289 2284 sie
1302 2230 1386 2302 exigit
1405 2238 1434 2284 ut
1460 2229 1589 2287 dimittat.
1606 2231 1646 2283 sic
1662 2230 1756 2296 dejicit

89 2321 189 2375 animae
219 2338 286 2386 suae,
310 2321 384 2376 velut
421 2323 576 2391 thesaurus,
609 2340 644 2379 ne
676 2324 745 2380 torte
775 2325 897 2380 illidere·
949 2328 977 2374 ut
990 2321 1087 2395 erigat,
1103 2321 1142 2374 sic
1157 2319 1247 2389 perdit
1261 2319 1432 2390 utrequirat‚
1453 2319 1493 2372 sic
1508 2319 1608 2374 amittit
1621 2327 1650 2373 ut
1664 2327 1758 2374 custo-

89 2421 135 2467 tur
167 2413 253 2467 virtus
283 2413 392 2468 illorum
417 2429 465 2484 per
495 2415 638 2470 stultitiam
669 2417 760 2482 (Ereti.
793 2420 840 2486 rr),
876 2419 899 2472 si
949 2413 1014 2467 diat.
1033 2411 1086 2467 Sed
1102 2426 1163 2482 quae
1191 2411 1226 2465 sit
1241 2411 1299 2466 haec
1313 2411 1353 2464 ira
1376 2409 1416 2464 vel
1438 2410 1603 2484 indignatio,
1622 2411 1756 2480 Propheta

90 2515 182 2555 amare
218 2500 394 2572 iniquitatem
430 2508 457 2556 ct
494 2501 586 2558 odisse
619 2504 781 2559 viderentur
818 2505 898 2576 justi·
950 2498 1221 2574 testatureg'regius,
1247 2499 1294 2570 qui
1317 2510 1461 2570 utramque
1491 2499 1634 2553 evidenter
1666 2501 1756 2570 expri-

87 2593 164 2647 tiam.
193 2591 303 2662 Repulit
335 2607 383 2647 eos
424 2599 452 2648 et
494 2593 641 2662 destruxit,
675 2598 786 2667 quando
813 2614 899 2652 unus.
951 2589 1230 2660 menszlrc,iuquit‚
1251 2591 1280 2641 ia
1304 2589 1495 2655 indipaatioac
1521 2588 1633 2656 ejusd
1652 2591 1709 2643 cita
1728 2592 1757 2642 ta

89 2682 207 2755 quisque
242 2683 349 2738 illorum
392 2700 443 2754 por
483 2685 583 2740 divinae
624 2686 767 2742 eharitatis
792 2687 899 2742 illectus
949 2680 1258 2750 uoluntatcejusffsal.
1280 2679 1364 2750 xxix).
1384 2678 1465 2742 Quasi
1486 2679 1559 2733 enirn
1582 2679 1620 2732 ira
1642 2679 1755 2733 inindi-

86 2795 221 2847 amorem,
251 2779 321 2834 dans
344 2781 469 2851 pauperi,
504 2796 559 2836 non
584 2781 683 2852 recipit
712 2788 896 2851 peccatorem,
949 2775 1080 2850 guatione
1103 2775 1163 2841 ejrrs
1178 2780 1311 2838 versatur,
1328 2773 1439 2844 quando
1455 2773 1548 2843 impiis
1569 2780 1596 2828 et
1618 2773 1758 2827 sceleratis

87 2871 179 2926 sciens
194 2871 327 2943 quoniam
340 2872 385 2944 qui
403 2872 669 2943 benefeceritjusto,
686 2874 899 2929 inuenietretri-
912 2912 935 2981 (⁹
948 2868 988 2922 sic
1003 2867 1130 2922 irascitur
1144 2875 1174 2921 at
1193 2881 1248 2921 non
1264 2866 1437 2919 miscreatur.
1460 2865 1517 2919 Non
1539 2864 1604 2935 quia
1618 2865 1697 2918 irasci
1714 2866 1755 2919 rel

86 2960 228 3016 butiouem
249 2968 271 3015 'a
296 2960 424 3017 Domino,
461 2962 570 3033 Repulit
606 2978 654 3018 ρος
688 2971 716 3018 ut
750 2963 895 3029 destruxit,
929 2955 1013 3009 ¹iram
1033 2957 1133 3010 habere
1158 2954 1294 3013 credatur,
1321 2953 1368 3007 scd
1396 2953 1460 3023 qaia
1482 2952 1602 3017 objectio
1632 2952 1692 3017 ejus
1712 2953 1754 3007 vel

88 3050 199 3121 quando
228 3050 293 3106 odie
317 3051 452 3105 hahentes
474 3067 585 3107 omnem
606 3060 743 3122 raptorem
760 3059 787 3106 et
813 3052 895 3106 bilin·
948 3047 1101 3121 indignatio
1127 3048 1248 3100 humano
1274 3061 1350 3099 aiore
1373 3045 1412 3098 ira
1451 3043 1607 3098 vocabatur.
1633 3044 1664 3096 Et
1693 3044 1756 3098 ideo

88 3155 183 3214 guem,
211 3140 239 3194 in
272 3139 372 3209 seipsis
410 3138 494 3193 totius
531 3139 711 3194 detractionis
737 3156 769 3194 ac
797 3138 897 3194 suroris
947 3139 1018 3192 sicut
1032 3139 1073 3192 ira
1087 3139 1114 3191 in
1127 3137 1319 3212 indignatione
1333 3136 1402 3204 'ejus
1416 3151 1490 3190 mors
1514 3143 1555 3188 e=t
1569 3142 1755 3205 pcccatorum,

87 3231 277 3286 exstinxerunt
299 3229 401 3302 ignem,
430 3228 549 3283 scientes
580 3228 711 3283 videlieet
735 3230 799 3300 quia
826 3229 898 3284 sieut
949 3230 1027 3284 itaet
1043 3230 1069 3283 in
1085 3230 1225 3284 voluntate
1246 3228 1305 3294 ejus
1321 3228 1448 3280 aitaesse
1464 3225 1585 3279 ereditur
1605 3240 1756 3279 converso·

87 3322 251 3380 conlusioet
267 3320 430 3392 paenitentia
444 3328 486 3375 est
505 3336 589 3391 super
608 3320 708 3388 iurem,
725 3321 761 3375 ita
777 3323 897 3376 etdero-
948 3337 1006 3375 rum
1023 3321 1152 3392 quoniam
1172 3320 1205 3373 ad
1225 3320 1277 3374 hoe
1304 3318 1415 3389 eosqui
1438 3322 1635 3371 convertuntur
1661 3317 1695 3369 ad
1711 3331 1759 3370 cor

88 3417 158 3472 ratio
171 3415 293 3487 pessima
314 3430 398 3485 super
418 3413 584 3489 bilinguem.
603 3415 712 3486 Repulit
732 3431 781 3471 cos
795 3422 823 3471 et
849 3418 896 3471 de·
947 3409 1073 3464 humiliat
1087 3419 1114 3463 et
1137 3407 1277 3471 sublimat,
1293 3407 1357 3478 quia
1378 3421 1433 3460 non
1449 3405 1506 3459 vult
1521 3411 1636 3458 mortem
1661 3421 1759 3474 pecea-

86 3503 197 3569 struxit,
212 3503 323 3573 quaudo
336 3503 514 3573 possessione
534 3504 652 3570 virtutis,
679 3512 707 3559 et
721 3504 895 3576 depositione

89 3599 200 3652 malitiae
210 3599 319 3653 liberati
333 3614 351 3652 a
362 3603 481 3668 peccato,
502 3601 574 3653 acroi
600 3599 669 3666 sacti
695 3603 759 3654 sant
779 3599 897 3667 justitie

88 3690 173 3753 (Rom.
189 3689 237 3756 ar),
259 3704 320 3743 cum
342 3689 446 3758 populo
461 3686 566 3743 scilicet
580 3687 627 3742 illo
643 3687 755 3760 gloriari
772 3690 899 3744 nolentes

88 3777 115 3830 in
128 3776 264 3844 malilitia,
280 3777 315 3831 de
337 3792 392 3848 quo
408 3777 509 3831 barid:
527 3779 627 3843 babor,
648 3778 749 3847 inquit,
766 3782 793 3832 in
812 3779 899 3834 medio

948 3504 1024 3569 toris,
1040 3504 1088 3557 sed
1104 3510 1135 3557 ut
1153 3511 1330 3557 eonvertatur
1355 3508 1382 3553 et
1406 3499 1487 3553 citat.
1511 3498 1563 3552 Sed
1581 3506 1673 3552 tamen
1701 3499 1759 3554 haec

948 3594 988 3647 ira
1000 3593 1046 3649 llei
1075 3600 1102 3648 ct
1118 3592 1172 3647 alie
1186 3591 1268 3646 modo
1281 3591 1355 3657 iusta
1367 3589 1427 3658 ejus
1438 3587 1560 3642 vindicta
1571 3585 1684 3650 dicitur,
1695 3601 1757 3655 qure

948 3682 1077 3753 praesenti
1091 3680 1193 3736 saeculo
1207 3694 1382 3751 nequaquam
1399 3675 1548 3747 perficitur,
1561 3675 1610 3727 sed
1626 3673 1653 3726 in
1665 3673 1757 3728 lutura

950 3774 1042 3846 potius
1061 3774 1122 3828 sine
1137 3770 1328 3827 misericordia
1358 3771 1385 3824 in
1401 3784 1449 3824 eos
1472 3768 1518 3840 qui
1539 3765 1756 3821 misericordiam

90 3866 160 3935 ejas,
189 3867 370 3936 etiajastitia
397 3869 481 3938 (Psoi.
501 3869 563 3936 cra).
588 3866 696 3939 Repulit
716 3884 764 3922 eos
791 3873 818 3920 ct
850 3869 900 3922 de·
950 3877 1005 3917 non
1021 3861 1147 3917 iecerunt
1166 3859 1327 3932 plenissime
1350 3856 1518 3928 perficietur,
1535 3852 1646 3926 cquando
1665 3852 1692 3907 in
1706 3853 1758 3906 im-

88 3957 196 4022 struxit,
217 3958 330 4028 quaudo
340 3957 368 4012 in
379 3957 509 4013 cordibus
525 3974 619 4014 eorum
635 3974 726 4014 sermo
743 3958 788 4013 illc
803 3958 899 4013 tructi·
950 3954 1003 4024 piis
1022 3962 1049 4008 et
1076 3952 1267 4024 peccatoribus
1295 3949 1457 4022 sanguinem
1480 3961 1623 4001 serrorum
1645 3960 1756 3998 suorum

91 4043 183 4099 ficarit
198 4047 337 4120 egregius,
353 4048 388 4101 dc
408 4061 464 4117 quo
482 4047 642 4117 Apostolus:
669 4050 728 4104 Noa
742 4054 843 4115 raphet,
861 4048 900 4101 in·
949 4043 1107 4098 ulciscetur.
1123 4040 1284 4096 sicutenim
1298 4047 1362 4093 tunc
1387 4038 1414 4090 in
1434 4036 1496 4090 tiliis
1511 4033 1616 4089 diaboli
1636 4033 1759 4087 cadestis

89 4135 158 4206 quit,
170 4142 313 4206 peccatam
327 4140 357 4192 ia
370 4141 456 4192 vestro
463 4139 574 4191 mortali
590 4152 708 4206 corpore,
724 4141 753 4191 at
762 4136 894 4191 obediatis
945 4126 992 4188 irre
1005 4133 1140 4202 judicium
1158 4131 1318 4202 implebitur
1330 4142 1492 4199 supernum,
1506 4125 1617 4198 quando
1632 4124 1751 4177 audituri

88 4227 311 4294 concupiscentiis
337 4227 395 4295 ejas
415 4225 501 4295 (Rom.
522 4225 568 4293 ari.
599 4225 711 4295 Repulit
738 4241 786 4280 eos
800 4231 828 4279 ct
842 4225 897 4301 Ι(Ιο-
908 4203 934 4272 ὓ
947 4232 1011 4277 sunt
1023 4223 1118 4293 impii:
1135 4221 1267 4276 Discedite
1280 4237 1297 4272 o
1310 4235 1361 4284 me,
1372 4215 1522 4280 mittedtcti,
1534 4217 1563 4268 iri
1578 4216 1666 4280 ipaem
1678 4217 1756 4267 ater-

86 4318 196 4382 struxit,
207 4315 317 4388 quando
331 4315 603 4387 terrenaexintegro
617 4314 778 4369 deserentes
789 4330 895 4380 euram,
947 4333 1011 4370 aum
1038 4316 1144 4382 (Matth.
1173 4331 1245 4380 xxvi,
1276 4314 1313 4367 ita
1347 4312 1374 4365 in
1403 4310 1501 4364 clectis
1531 4316 1558 4363 ct
1595 4307 1677 4373 justis
1705 4306 1758 4360 im-

90 4407 236 4480 pecuniam
256 4421 333 4461 suam
355 4421 410 4460 non
426 4406 563 4460 dederunt
588 4406 622 4459 ad
639 4421 760 4472 usuram,
785 4405 897 4476 nequis

90 4505 198 4560 illorum
213 4502 303 4573 plebis
316 4501 390 4555 illius
407 4515 516 4572 poenam
538 4501 675 4555 incideret
693 4499 778 4567 solus,
795 4500 831 4554 de
844 4515 898 4570 qua

89 4592 191 4648 David:
212 4593 274 4647 Non
298 4591 406 4657 deiecit,
426 4590 526 4661 iuquit,
544 4590 576 4644 cte
588 4591 686 4658 plateis
705 4589 764 4658 ejus
778 4592 899 4642 marcet

89 4686 167 4741 dotus
190 4683 275 4752 (Psat.
298 4683 360 4751 ura).
377 4680 489 4751 Repulit
503 4697 552 4736 eos
577 4688 605 4735 et
622 4679 771 4745 destruxit,
787 4678 898 4749 quando

90 4778 245 4834 recolentes
260 4776 334 4847 apud
349 4791 379 4829 se
396 4775 469 4846 quod
487 4775 579 4829 omnis
592 4780 721 4845 peccator
734 4779 775 4827 est
789 4771 900 4826 invidus

90 4880 118 4926 ct
130 4869 273 4942 bilinguis,
291 4868 496 4924 communicare
509 4865 643 4922 nolebant
656 4865 790 4937 operibus
804 4880 899 4920 corum

91 4964 225 5036 indignis,
249 4979 283 5018 ne
312 4961 456 5034 perfidiam
483 4949 591 5016 ilicium
612 4962 707 5033 lingua
728 4960 902 5015 imitarentur

91 5072 244 5121 venenosa,
258 5056 293 5110 de
314 5055 414 5126 quibus
428 5054 580 5125 Propheta:
597 5054 692 5108 baetti
708 5059 779 5119 rant,
800 5050 899 5123 inquit,

91 5151 235 5206 adversam
248 5163 290 5202 mc
306 5149 401 5216 itaqua
413 5147 507 5202 dolosa
523 5147 608 5215 (l'sot.
625 5145 712 5215 carri).
726 5144 834 5214 Repulit
853 5158 901 5198 eos

92 5247 122 5298 et
141 5239 277 5295 destruxit
295 5239 407 5311 qnando
432 5239 460 5293 in
480 5239 574 5296 diviua
593 5254 654 5293 eum
675 5237 729 5291 illis
754 5250 901 5290 conversa-

93 5333 195 5386 bantur
209 5327 327 5394 tbeoria,
339 5327 439 5398 quibus
453 5326 569 5382 dicitur:
586 5330 662 5382 Beati
676 5326 846 5380 immaculati
873 5329 902 5380 in

92 5424 140 5477 cia
153 5421 239 5490 (Psat.
256 5415 360 5487 cxviii),
376 5422 406 5472 ut
424 5418 497 5471 inter
519 5416 583 5471 illos
611 5416 778 5487 quandoque
795 5432 902 5472 merce·

96 5511 160 5566 deur
177 5506 354 5579 perciperent
372 5504 508 5570 laborum,
524 5505 560 5559 de
576 5504 678 5574 quihus
693 5505 825 5575 seriptum
841 5515 901 5560 cst:

949 4409 1017 4478 pleri
1032 4408 1115 4462 debet
1129 4405 1319 4461 misericordia
1344 4403 1401 4465 Dei,
1423 4401 1534 4472 quaudo
1554 4399 1675 4453 audituri
1694 4407 1758 4452 sunt

946 4501 1032 4569 iusti:
1065 4502 1167 4565 Venite,
1198 4499 1327 4552 benedicti
1350 4496 1441 4548 Patris
1473 4496 1525 4547 met
1552 4491 1655 4562 treta).
1686 4489 1758 4544 lianc

949 4592 1140 4665 igiturrocem
1166 4589 1225 4643 Filii
1248 4589 1305 4651 Dei,
1331 4595 1465 4657 martyres
1483 4585 1525 4640 isti
1553 4582 1704 4638 beatissimi
1726 4583 1746 4636 N
1778 4602 1780 4607 ·

950 4682 1152 4739 necimmerito
1170 4680 1338 4752 quandoque
1351 4693 1413 4732 cum
1429 4676 1525 4731 electis
1536 4675 1640 4729 delient
1650 4674 1756 4735 audire,

950 4775 997 4846 qui
1025 4775 1052 4827 in
1073 4774 1142 4843 ipsis
1169 4772 1260 4836 olim,
1291 4787 1351 4841 quae
1383 4768 1425 4823 rel
1456 4777 1558 4840 quanta
1587 4767 1621 4820 sit
1649 4766 1686 4818 ira
1714 4764 1757 4819 acl

952 4866 1143 4921 misericordia
1169 4865 1274 4919 Domini
1303 4862 1431 4917 solebant
1457 4861 1529 4915 hene
1555 4858 1672 4913 virendo
1692 4872 1758 4911 seu·

951 4959 1016 5020 tire;
1047 4973 1107 5029 quaa
1139 4957 1222 5011 llnaid
1256 4955 1337 5010 nobis
1359 4954 1386 5006 in
1415 4951 1571 5022 exemplum
1600 4962 1760 5019 proponens

951 5054 1052 5108 (lisinae
1072 5052 1274 5107 miserationis:
1301 5052 1393 5105 tratas
1420 5064 1457 5108 es,
1492 5045 1591 5116 inquit,
1616 5048 1641 5097 et
1665 5045 1761 5097 miser-

951 5149 994 5197 tas
1021 5157 1047 5196 es
1074 5143 1150 5196 crebis
1178 5139 1268 5209 (Psal.
1295 5137 1397 5207 xxxix).
1421 5134 1502 5200 Quasi
1518 5133 1591 5188 enim
1615 5131 1700 5185 iratus
1719 5137 1761 5183 est

952 5230 1016 5285 huic
1043 5229 1229 5285 sacratissimo
1257 5234 1406 5297 martyrum
1442 5225 1536 5286 choro.
1563 5219 1672 5291 ‘larotics
1700 5233 1761 5273 car-

953 5323 996 5377 nis
1012 5321 1171 5376 intirmitatc
1185 5319 1324 5389 peccarit:
1341 5316 1483 5377 miserare,
1512 5311 1622 5382 quando
1638 5310 1761 5380 scipsum

953 5411 1082 5482 lacrymis
1098 5409 1267 5480 paenitentiae
1289 5415 1351 5478 post
1373 5406 1478 5477 flagitia
1495 5402 1644 5457 mundarit.
1659 5402 1762 5465 iratus,

953 5503 1065 5575 quando
1081 5500 1294 5572 superstitiones
1305 5499 1392 5553 totius
1405 5497 1509 5553 erroris
1523 5497 1550 5548 iu
1564 5511 1597 5548 co
1608 5492 1761 5554 destruxit:
