3720 6014
95 105 165 160 teus
672 105 843 164 ntutttttt
863 106 979 164 SANCTl
1000 107 1187 168 neuuntcrt.
1692 111 1761 169 1206

89 233 170 298 oilla,
190 238 216 286 et
235 233 339 287 collecto
352 231 441 286 lterboe
453 233 535 299 susm,
549 247 627 302 quem
642 235 715 289 solus
726 237 815 290 ualens
836 237 902 290 collo
915 243 937 305 Α
950 236 1039 303 iorem
1056 236 1217 310 ingrediens
1231 235 1386 303 ecelesiam,
1409 236 1438 290 in
1462 252 1516 307 qna
1536 236 1659 308 ejusdem
1675 238 1762 294 Patris

91 324 152 390 equi
167 325 311 390 imponere,
327 321 411 388 deser,
432 327 456 374 et
472 323 525 375 tuis
539 336 641 391 appone
658 324 825 378 animalibus
853 325 900 379 llle
952 324 1135 392 sacratissima
1151 324 1329 396 requiescunt
1343 341 1417 393 ossa,
1436 326 1535 380 tlevota
1551 342 1662 394 precum
1689 327 1760 382 liba·

92 411 238 482 prseceptis
252 411 356 467 domini
373 412 415 466 sui
429 428 541 483 parens,
564 421 687 468 mutuata
711 412 781 469 falce
797 431 812 469 a
828 431 901 487 quo·
952 413 1026 466 mina
1041 422 1105 468 ante
1120 413 1242 486 singulas
1257 413 1450 484 perlustrando
1466 429 1527 467 aras
1544 414 1598 470 [leo
1615 413 1761 471 offerebat.

93 503 196 558 damin
211 510 316 574 pratum
332 504 431 569 evolat,
449 504 563 559 herbam
580 507 643 561 totis
661 507 768 562 viribus
783 513 900 576 resecat,
954 503 1121 560 Pervenicns
1145 512 1236 560 atttcm
1265 506 1395 561 adaram
1424 506 1494 575 (16⁴1
1523 505 1572 560 Dei
1605 505 1761 576 Genitricis,

94 598 123 646 ut
134 592 298 663 quantocius
316 592 450 663 repedare
463 593 564 661 valeat,
586 611 620 648 nc
641 581 778 651 seclorum
793 596 904 652 deirae·
954 610 1017 668 quae
1031 612 1104 668 pone
1120 613 1149 652 se
1165 598 1285 652 babebat
1303 598 1388 653 altare
1404 598 1505 669 saepius
1531 598 1694 653 nominandi
1709 598 1763 653 Pa-

93 679 174 735 detur
187 679 286 751 epulis.
304 681 413 736 interea
437 681 502 736 dum
516 681 561 738 illc
575 683 671 739 illicito
684 683 799 740 instaret
814 686 903 756 operi,

93 772 160 827 vidit
172 788 235 826 eum
247 771 405 843 quidamde
421 773 600 847 pagensibus,
618 782 646 830 et
655 790 803 830 accurrens
818 776 900 842 otius,

93 865 229 919 nuntiavit
250 863 382 935 praedicto
397 865 474 920 Isaac
491 865 563 920 villae
579 867 741 937 praeposito:
758 868 902 922 eratenim

93 966 200 1027 pratum
218 956 286 1012 illud
304 958 465 1030 contiguum
477 957 571 1013 domui
588 959 660 1027 ejus.
678 959 796 1014 Intuitus
811 967 901 1014 autem

94 1051 168 1106 lsaac
190 1051 357 1125 armigerum
374 1052 442 1106 lalce
460 1068 574 1126 gramen
603 1052 672 1123 prati
692 1054 902 1124 praecidentem,

93 1159 108 1197 a
133 1143 214 1214 longe
234 1142 379 1199 excelsiori
404 1144 535 1199 inclamat
564 1160 645 1200 voce:
675 1147 808 1213 Quartam
825 1163 861 1214 es,
888 1163 903 1202 o

95 1238 170 1291 lrotrto
185 1238 300 1304 nefarie,
316 1240 364 1306 qui
382 1244 476 1292 contra
500 1240 544 1305 sus
557 1245 700 1294 temerator
721 1243 856 1309 inpressas
876 1256 902 1295 es

94 1330 185 1383 sancti
197 1334 310 1397 pratum
323 1330 487 1384 Benedicta?
505 1331 635 1399 epredm,
651 1334 769 1400 pestifer,
790 1335 903 1386 treiectus

94 1424 231 1478 aeduino
250 1425 318 1478 ultio
331 1423 444 1479 celerius
460 1431 485 1479 te
496 1426 640 1495 disperdat.
658 1425 705 1480 llle
715 1432 806 1480 autem
821 1442 904 1481 voees

96 1520 280 1567 contemnens
291 1514 441 1579 monentis,
456 1514 483 1568 in
492 1516 550 1569 bac
563 1515 665 1569 lucrida
675 1516 902 1586 prorupitserba:

96 1603 225 1667 Sanctus,
241 1601 289 1669 ait,
305 1603 466 1658 Benedictus
485 1605 537 1658 lrac
554 1606 612 1659 uice
624 1606 672 1658 troc
684 1606 819 1660 modicum
836 1606 905 1659 milti

92 1690 239 1758 indulpebtt
258 1693 378 1757 famaus.
410 1690 441 1745 Et
464 1689 538 1747 iacto
552 1690 645 1746 herbae
662 1692 802 1761 t'asciculo,
822 1709 903 1751 suum

94 1778 207 1848 repetiit
226 1779 392 1850 hospitium,
410 1780 468 1835 suis
481 1780 648 1835 animalibus
662 1781 796 1837 exhibens
816 1783 904 1855 pabu-

94 1868 161 1923 lum.
180 1869 286 1925 Deinde
306 1869 423 1926 festinus
438 1887 591 1942 properans
611 1872 645 1928 ad
660 1873 784 1940 domum,
801 1874 847 1928 ubi
860 1874 903 1930 sui

95 1961 312 2019 convivabantur
335 1964 462 2031 comites,
478 1972 505 2019 ct
521 1965 579 2035 ipse
594 1967 754 2021 convivatus
779 1973 821 2021 est
840 1983 901 2023 cnm

95 2053 146 2110 eis.
162 2052 337 2125 Consumptis
352 2056 443 2126 itaque
459 2057 577 2127 dapibus
601 2056 734 2130 licitoque
751 2058 902 2129 jentaculo,

95 2143 238 2213 propriam
251 2144 443 2216 unusquisque
457 2147 649 2203 conscendens
659 2163 771 2218 equum,
788 2149 903 2203 tendere

95 2231 226 2286 festinant
240 2249 296 2304 quo
319 2233 524 2305 disposuerant.
547 2235 727 2307 Contemptor
746 2244 837 2291 autem
853 2237 905 2292 Be-

95 2319 198 2374 nedieti
215 2320 302 2375 Patris
319 2331 474 2393 postremus
489 2323 613 2379 emnium
631 2324 740 2379 devilia
752 2325 902 2399 egreditur,

93 2413 176 2468 credo
191 2412 392 2484 aliquantulum
404 2415 499 2469 barbae
515 2415 788 2487 superfuisse,quant
803 2424 904 2472 utsuus

94 2515 271 2559 consumeret
300 2522 390 2576 equus
403 2507 595 2578 exspectabat:
615 2515 643 2562 et
668 2509 726 2578 ipsc
745 2508 857 2563 demum
873 2515 904 2564 ul

955 690 1014 754 tris,
1044 692 1182 763 protensis
1203 692 1231 746 itt
1263 693 1363 748 coelum
1388 692 1515 747 manibus
1541 693 1760 764 omnipotentem

954 785 1099 842 bantinum
1127 787 1291 859 precabatur
1318 788 1459 854 attentius,
1497 787 1614 842 suasibi
1644 787 1760 842 relaxari

953 883 1058 950 debita,
1075 884 1122 939 Dei
1141 883 1306 940 Cenitricem
1322 901 1384 940 cum
1406 885 1504 940 codem
1528 884 1607 940 Patre
1628 884 1761 956 trequen-

954 974 1006 1028 tius
1016 973 1155 1028 invocans.
1173 974 1205 1027 Et
1218 973 1283 1027 dum
1299 974 1525 1030 intentuseidem
1542 984 1617 1029 esset
1631 974 1760 1043 orationi,

952 1060 1045 1116 subito
1058 1070 1138 1132 rupto
1150 1062 1227 1116 clavo
1243 1077 1298 1133 quo
1314 1061 1434 1118 ferreum
1448 1063 1689 1134 constringebatur
1699 1063 1762 1116 vin·

953 1151 1055 1213 culum,
1073 1150 1174 1205 lcrrtrm
1190 1151 1216 1204 in
1231 1152 1417 1221 pavimentum
1434 1154 1497 1208 (late
1513 1153 1619 1224 crepitu
1633 1153 1759 1207 resilivit.

954 1239 1041 1294 ttittc
1067 1238 1185 1294 salutum
1201 1256 1231 1294 se
1251 1256 1379 1306 cernens,
1410 1248 1436 1296 et
1459 1242 1601 1297 incudem
1622 1242 1761 1298 solutione

953 1327 1054 1382 visibili
1079 1328 1270 1399 peccaminum
1289 1329 1436 1384 invisibilia
1456 1330 1567 1385 vincula
1583 1330 1702 1385 relaxata
1722 1330 1762 1384 in·

954 1423 1092 1496 telligens,
1118 1423 1285 1477 exhilaratus
1309 1424 1413 1495 oppido
1444 1424 1578 1479 indicibili
1601 1425 1762 1495 tripudiavit

954 1514 1066 1590 gaudio,
1083 1514 1240 1585 prolamans
1260 1515 1443 1586 omnipotenti
1467 1516 1582 1571 bertuino
1608 1518 1762 1580 laudasne

956 1605 1001 1657 llei
1018 1602 1148 1657 Cenitrici
1163 1602 1290 1674 Patrique
1305 1603 1457 1658 Benedicta
1473 1604 1631 1659 innumeras
1643 1605 1762 1660 reddens

954 1695 1102 1769 gratiarum
1119 1695 1250 1750 actiones.

991 1786 1042 1843 Cur
1084 1787 1136 1841 XX.
1166 1817 1200 1826 -
1226 1790 1311 1842 Pestis
1341 1789 1453 1842 repausa
1476 1788 1570 1842 delatis
1586 1789 1706 1857 reliquiis
1733 1791 1759 1842 S.

954 1882 1052 1946 llaurl,
1071 1879 1182 1948 pedibus
1199 1879 1289 1933 olida.
1314 1877 1445 1951 Exigente
1465 1878 1537 1933 mole
1558 1879 1759 1949 peccaminum,

954 1973 1210 2045 acciditaliquando
1226 1972 1455 2028 ferventissimam
1470 1989 1520 2043 per
1530 1973 1635 2044 aliquot
1650 1988 1761 2028 incuses

953 2067 1108 2121 continuari
1129 2066 1394 2132 siccitatem,siderc
1416 2066 1482 2122 solis
1497 2081 1547 2121 suo
1568 2064 1673 2120 fervore
1700 2080 1761 2119 om-

954 2157 1000 2211 nia
1012 2157 1104 2211 acrius
1117 2157 1199 2212 solito
1210 2162 1367 2227 perurente.
1383 2156 1461 2211 Unde
1475 2155 1592 2229 contigit
1605 2156 1761 2211 Floriaccu·

953 2265 999 2303 ses
1014 2249 1133 2322 graviter
1152 2247 1250 2322 affligi,
1268 2248 1416 2302 durissima
1439 2265 1490 2319 per
1508 2248 1677 2320 aliquantum
1695 2256 1761 2302 tcm-

953 2339 1030 2408 poris
1054 2338 1081 2392 ia
1098 2337 1225 2392 bomincs
1240 2337 1408 2393 desaeviente
1431 2336 1599 2408 pestilentia.
1629 2335 1761 2391 Cerneres

953 2430 1050 2486 domos
1079 2446 1178 2485 vacuas
1198 2439 1332 2501 pereunte
1360 2431 1451 2485 subito
1472 2428 1671 2500 patrefamilias
1696 2445 1759 2483 cum

954 2519 1032 2591 prole
1045 2524 1073 2572 et
1087 2524 1143 2573 tota
1153 2517 1296 2581 clientela;
1312 2518 1502 2589 promptuaria
1516 2519 1581 2573 vino
1599 2517 1760 2573 redundan-

92 2593 151 2649 suis
170 2594 385 2668 conjungeretur
406 2596 501 2662 ⁸⁰⁶5OE
523 2597 569 2667 (tui
594 2596 766 2670 ¹0ssglttscule
783 2597 839 2668 idm
857 2597 904 2651 ab·
954 2606 1001 2669 tia,
1021 2621 1099 2660 areas
1125 2606 1216 2661 tritico
1233 2606 1342 2661 videres
1363 2606 1490 2671 ret'ertas;
1513 2615 1540 2660 et
1560 2621 1615 2661 non
1631 2615 1689 2661 erat
1709 2607 1757 2677 qui

94 2693 184 2751 erant,
200 2702 273 2757 equo
284 2686 439 2742 calcaribus
453 2687 574 2743 admisso
584 2703 632 2743 eos
649 2688 758 2761 insequi
774 2697 901 2755 consum
952 2701 1088 2774 attingere
1112 2701 1236 2767 scateret,
1257 2701 1446 2756 arescentibus
1474 2700 1633 2755 hominibus
1653 2717 1709 2772 pvae
1724 2701 1761 2756 tt·

94 2779 143 2832 sed
155 2788 303 2850 antequam
319 2780 354 2834 de
370 2780 432 2834 villa
450 2781 546 2847 exiret,
562 2797 650 2852 equus
665 2797 790 2852 praeceps
808 2781 835 2835 in
851 2793 902 2836 ter·
953 2806 1028 2846 more
1049 2792 1096 2864 qut
1112 2799 1310 2862 supervenerat
1329 2791 1478 2847 universis,
1498 2791 1606 2863 Quippe
1620 2808 1683 2846 eum
1698 2807 1759 2847 cum

96 2889 152 2928 lam
173 2874 286 2941 ⁰fld⁰⁰⁸t
306 2875 401 2929 collisa
420 2876 538 2942 cervice,
565 2885 689 2932 mortuus
708 2877 770 2932 ruit.
800 2877 899 2948 Eques,
914 2913 937 2978 t*
951 2899 1005 2955 quo
1019 2884 1102 2940 niodo
1117 2884 1286 2955 loquebaris,
1305 2900 1366 2939 mox
1381 2885 1520 2955 aspiceres
1536 2883 1579 2940 vel
1594 2883 1704 2938 audires
1718 2883 1761 2937 in·

95 2964 347 3035 quleiisssidebab
368 2973 395 3020 el
414 2965 607 3036 ipselabitur;
627 2965 824 3039 confractoque
850 2967 901 3022 ste·
927 2958 1058 3031 ‘teriisse
1083 2976 1207 3032 inaudito
1233 2977 1308 3031 necis
1343 2992 1457 3050 genere.
1487 2974 1630 3031 Sentiebat
1661 2975 1761 3047 aliquis

93 3069 180 3123 ¹¹¹0l02
195 3059 229 3109 ab
244 3056 339 3122 hum,
354 3055 408 3110 '¹5⁵1
422 3055 537 3111 alimum
560 3056 631 3110 ulnis
646 3056 816 3123 sublevatus,
839 3073 902 3111 sut·
950 3085 1012 3123 sese
1030 3068 1115 3142 pungi
1130 3068 1220 3123 subita
1233 3068 1393 3138 punctione,
1409 3067 1453 3123 vel
1468 3067 1495 3122 in
1518 3068 1650 3135 humeris,
1671 3068 1714 3122 vel
1731 3068 1759 3123 in

92 3162 157 3218 gere
173 3146 306 3217 nequivit.
332 3145 517 3202 Concurrente
547 3147 627 3201 turba
654 3147 688 3200 ad
706 3156 758 3201 tarn
781 3147 900 3201 subitam

92 3237 177 3292 divini
194 3236 329 3292 examinis
343 3236 504 3302 vindictam,
518 3244 546 3291 ct
570 3237 630 3307 ipse
647 3238 723 3292 isaac
748 3236 845 3303 adluit,
863 3238 902 3291 in-

93 3345 211 3400 crepans
232 3329 365 3384 miserum
380 3329 423 3383 bis
442 3328 550 3384 verbis:
570 3335 662 3384 Nouae
694 3330 742 3384 libi
768 3331 904 3396 dienato,

94 3423 268 3488 maerebilts,
283 3423 314 3476 B.
329 3422 501 3477 benedictum
514 3437 579 3476 suns
601 3424 719 3491 iujurias
733 3437 905 3491 nequaquam

93 3519 140 3572 diu
164 3518 300 3573 diruittere
328 3517 458 3571 inultos?
485 3516 538 3583 sed,
563 3518 628 3584 quia
654 3518 722 3570 mibi
739 3516 845 3571 aedae
861 3529 906 3570 re·

94 3616 190 3680 publi,
205 3628 264 3668 erce
276 3614 401 3668 contritis
413 3610 541 3665 attembris
556 3615 631 3682 jaces
645 3612 763 3665 inutilis.

131 3703 191 3758 Cur.
209 3704 275 3759 xix.
293 3734 326 3743 -—
343 3706 475 3758 Paenitens
494 3704 566 3770 serra
580 3704 760 3768 'constrictus
780 3703 896 3759 Floriaci

93 3794 216 3848 soluitur.
234 3791 349 3857 Quidam
366 3808 416 3863 pro
432 3791 561 3846 admissis
581 3807 595 3845 a
615 3806 645 3845 se
658 3789 830 3855 criminibus,
845 3805 904 3844 me·

95 3891 176 3938 tuens
190 3884 262 3938 diem
283 3883 397 3938 extremi
411 3883 556 3949 examinis,
576 3891 606 3939 ut
625 3881 725 3938 summi
738 3881 840 3950 judicis
852 3879 903 3935 sibi

93 3981 197 4027 metum
208 3972 338 4043 placaret,
349 3988 398 4026 sua
407 3970 479 4027 terro
494 3972 548 4042 (to)
565 3971 643 4044 ligari
655 3971 761 4026 lecerat
774 3969 902 4025 brachia:

93 4070 120 4118 et
135 4063 338 4134 quamplurima
356 4079 506 4137 peragrans
522 4069 655 4118 terrarum
672 4070 770 4134 spatia.
793 4070 903 4118 sancto·

94 4168 153 4206 rum
181 4151 295 4222 expetiit
326 4150 385 4206 loca
412 4153 573 4217 multorum,
607 4152 757 4224 gemitibus
785 4164 902 4205 exorans

951 3160 1081 3225 brachiis,
1100 3176 1149 3214 seu
1160 3159 1276 3226 temore,
1289 3165 1411 3230 pectore,
1436 3164 1550 3224 t·entre;
1577 3166 1605 3213 et
1620 3159 1761 3229 extemplo

955 3256 1092 3310 interram
1112 3269 1255 3320 corruens,
1273 3253 1453 3308 moriebatur.
1478 3253 1540 3307 llaec
1560 3250 1761 3306 intemerabilis

954 3347 1014 3402 lues
1029 3346 1135 3417 aliquot
1159 3345 1309 3400 menstruis
1329 3343 1488 3398 recursibus
1517 3342 1667 3398 Floriacum
1688 3342 1762 3398 obti-

957 3441 1064 3490 nuerat.
1078 3434 1263 3489 Decrevcrunt
1279 3432 1370 3504 itaque
1386 3438 1440 3487 tam
1455 3430 1552 3487 iratres
1567 3448 1648 3504 quant
1664 3439 1763 3487 cuncta

957 3524 1080 3593 ejusdem
1108 3521 1160 3578 loci
1194 3521 1285 3593 plebs,
1317 3537 1395 3576 saera
1427 3520 1602 3577 celeberrimi
1635 3521 1762 3592 martyris

956 3613 1041 3668 blauri
1057 3612 1180 3666 membra
1193 3627 1254 3667 cum
1273 3610 1377 3665 litaniis
1396 3610 1638 3682 processionaliter
1650 3610 1760 3667 deferre

954 3703 988 3758 ad
1008 3708 1120 3756 matrem
1138 3701 1226 3772 ipsius
1238 3700 1318 3773 burgi
1339 3700 1494 3762 ecclesiam,
1516 3716 1577 3772 quae
1602 3701 1629 3755 in
1656 3702 1761 3757 bonore

955 3791 1033 3848 testis
1050 3790 1147 3846 Christi
1163 3789 1318 3845 sebastiani
1339 3789 1430 3845 eidem
1461 3789 1567 3845 Christo
1587 3790 1676 3846 dicata
1691 3799 1759 3857 erat.

955 3882 1129 3939 confidentes
1152 3882 1319 3938 Salvatorcm
1351 3882 1457 3937 meritis
1484 3882 1526 3938 sui
1554 3881 1654 3949 fidelis,
1682 3883 1761 3951 cujus

955 3972 1080 4046 reliquiae.
1097 3972 1318 4042 deportarentur,
1346 3971 1531 4043 precibusque
1560 3970 1646 4026 Patris
1673 3972 1760 4026 Bene·

953 4066 1018 4121 dicti
1031 4064 1178 4135 placatum,
1194 4064 1335 4134 plebisum
1350 4063 1534 4118 miserturum.
1552 4062 1683 4119 Condicto
1693 4079 1759 4138 erqo

953 4157 1008 4224 die,
1021 4156 1202 4212 discalceatus
1215 4155 1312 4226 pedes,
1323 4155 1451 4225 lacrymis
1462 4154 1602 4225 perfusus,
1613 4161 1667 4209 tant
1682 4171 1760 4210 sacer

93 4250 207 4317 crebris,
225 4268 286 4322 qaae
302 4251 390 4322 ipsius
409 4251 615 4325 redarguebant
633 4250 843 4315 conscientiam,
858 4247 942 4316 del)
954 4252 1022 4308 ordo
1038 4267 1119 4323 quam
1141 4249 1269 4320 populus,
1298 4264 1360 4303 cum
1384 4248 1504 4318 parvulis
1524 4254 1552 4303 et
1583 4247 1758 4315 mulieribus,

94 4343 142 4397 leri
163 4343 279 4400 scelera.
296 4343 379 4399 Porro
393 4344 446 4399 hoc
461 4359 509 4415 per
528 4342 633 4414 aliquot
652 4342 797 4417 vigilanter
811 4341 901 4398 conti·

94 4451 184 4490 nuans
207 4451 334 4491 recursus
365 4450 485 4500 annuos,
509 4434 574 4490 licet
612 4433 732 4489 fitleliter
758 4433 900 4502 astipulari

94 4531 204 4597 debeat,
227 4546 343 4601 quorum
366 4530 516 4586 memorias
536 4529 679 4585 beatorum
704 4528 821 4594 adierat,
853 4543 902 4583 eos

94 4624 315 4694 omnipotentem
344 4639 394 4695 pro
423 4623 596 4678 absolutione
626 4621 778 4676 facinorum
815 4621 902 4692 ipsius

96 4732 237 4777 exorasse,
253 4722 345 4771 tamen
374 4715 477 4771 nullius
493 4714 666 4770 manifestam
680 4729 762 4783 apem
787 4729 902 4784 persen-

93 4805 161 4860 sisse
175 4805 331 4860 videbatur.
350 4805 411 4860 llac
430 4804 532 4860 etenim
548 4804 622 4858 illius
636 4801 760 4857 exstabat
777 4801 856 4865 fides,
873 4808 902 4857 ut

95 4901 240 4965 postquam
256 4894 330 4965 apio
345 4893 439 4962 judice
460 4893 520 4962 eius
535 4891 724 4947 remitteretur
747 4897 900 4960 peceatum,

95 4997 157 5038 mox
171 4983 387 5053 subsequeretur
413 4981 514 5038 solutio
534 4980 710 5035 brachiorum
750 4980 817 5034 llum
836 4993 902 5051 ergo

94 5074 311 5145 circumquaque
328 5071 468 5138 discurrit,
484 5071 572 5126 Patris
585 5071 727 5125 benedicti
741 5069 901 5144 suffragium

94 5164 147 5219 sibi
165 5165 234 5220 utile
254 5164 312 5220 lere
328 5163 482 5232 confidens,
500 5163 650 5218 Floriacam
667 5163 773 5235 attigit:
802 5169 829 5217 et
843 5178 902 5217 ma·

117 5373 186 5442 tib)
197 5373 277 5429 Plura
291 5373 428 5444 eiusmodi
443 5373 614 5444 poenitentiae
624 5372 760 5444 exempla,
775 5388 837 5443 quse
851 5371 902 5426 ad-

96 5447 151 5502 huc
164 5445 266 5501 saeclo
287 5462 314 5500 xx
333 5445 455 5519 vigebat,
470 5444 590 5499 vidimus
610 5445 637 5498 in
654 5443 816 5514 praelatione
842 5444 903 5498 Sae-

97 5517 152 5575 culi
167 5518 189 5573 ll
205 5532 280 5572 num.
298 5516 344 5584 tt,
356 5522 385 5572 et
399 5516 427 5572 in
444 5515 491 5571 lib.
509 5531 537 5571 ut
552 5516 591 5571 lte
609 5515 698 5570 Castis
716 5516 742 5571 S.
760 5514 906 5583 Conwojc·

951 4343 1024 4399 beati
1039 4342 1162 4415 martyris
1176 4341 1300 4397 membra
1313 4340 1423 4395 duobus
1437 4357 1469 4396 ex
1485 4341 1559 4396 clerc
1574 4355 1624 4412 pre
1637 4356 1756 4397 consue·

952 4438 1047 4492 tudine
1064 4437 1091 4491 in
1107 4435 1231 4490 humeris
1245 4433 1428 4508 gestantibus,
1441 4449 1501 4489 cum
1519 4433 1676 4488 litaniarum
1689 4450 1759 4505 sup-

952 4528 1102 4598 plicatione
1117 4525 1151 4579 ad
1161 4523 1347 4595 supradictam
1358 4523 1525 4593 perveniunt
1538 4521 1695 4584 ecclesiam,
1708 4521 1757 4577 ttbi

953 4621 1048 4694 quanti
1074 4617 1179 4690 prolusi
1200 4616 1319 4691 gemitus
1333 4632 1364 4668 cx
1386 4615 1491 4670 intimis
1503 4614 1628 4670 cordium
1643 4613 1757 4676 luerint,

952 4721 1062 4787 quanta
1077 4712 1204 4783 tacrymae
1219 4708 1322 4772 effusae,
1340 4716 1440 4781 quanta
1460 4725 1571 4781 precum
1594 4715 1656 4763 vota
1671 4708 1760 4764 omni·

952 4802 1131 4875 potentillae
1151 4801 1253 4865 oblata,
1276 4799 1389 4854 nimiam
1417 4798 1530 4854 diliicilc
1550 4806 1590 4853 est
1615 4797 1757 4869 prosequi.
1828 4795 1832 4801 “

954 4890 1066 4962 Expleta
1079 4905 1146 4963 erpo
1169 4905 1202 4945 ex
1217 4904 1294 4944 more
1318 4888 1462 4943 missarum
1493 4887 1690 4952 celebratione,
1711 4902 1758 4942 re·

953 4979 1171 5050 deuntquisquc
1191 4979 1224 5032 ad
1252 4993 1312 5043 sua,
1340 4979 1532 5048 praestolantes
1560 4974 1760 5046 omnipotentis

953 5069 1000 5124 Ilei
1030 5068 1191 5122 immensam
1209 5065 1394 5133 clementiam,
1427 5081 1488 5136 qum
1515 5079 1570 5119 non
1594 5063 1641 5118 diu
1662 5062 1759 5120 abluit.

954 5159 1077 5230 Namque
1106 5171 1167 5212 mox
1200 5156 1274 5211 sicco
1307 5154 1417 5210 excluso
1451 5153 1593 5224 Aquilone,
1631 5151 1762 5207 humidus

955 5372 999 5426 nis
1013 5369 1122 5426 abbatis
1135 5385 1228 5440 supra.

991 5442 1066 5513 (ts)
1087 5441 1175 5495 altare
1205 5438 1365 5495 matutinale
1389 5443 1497 5503 vocant,
1523 5436 1597 5507 quod
1626 5435 1761 5492 hactenus

956 5529 1028 5584 pene
1045 5513 1130 5569 altare
1141 5512 1227 5567 saneti
1245 5509 1499 5566 Benedictivisitur.
