3720 6014
98 208 133 263 33
843 217 1014 277 6444406436.
1730 227 1766 282 94

99 338 227 396 66646466
250 341 437 412 apostolorum
463 355 558 397 secum
568 356 679 415 semper
698 343 769 401 lerre
787 347 906 415 solebat,
918 356 945 423 Α
957 356 1001 407 466
1015 351 1113 421 luerat,
1127 352 1209 425 eique
1236 370 1299 425 pars
1313 356 1431 413 maxima
1451 356 1563 412 lavaret.
1581 356 1768 426 (66666464)

100 433 127 482 et
141 427 303 501 ubicunque
320 428 480 485 inveniebat
503 429 628 488 infirmos
642 433 762 504 ponebat
776 435 844 491 illud
858 452 907 492 su·
957 443 1009 500 Pro
1022 444 1102 514 cujus
1117 444 1300 501 dissensionis
1315 447 1396 518 culpa
1415 449 1535 503 animam
1552 448 1690 504 Paschasii
1706 450 1768 505 dia·

100 537 149 592 per
164 535 224 587 eos,
239 529 268 577 et
279 529 334 577 tam
346 521 400 579 srde
415 524 556 591 Barnahae,
585 542 668 599 quam
693 529 792 585 merito
808 530 906 587 llathei
957 532 1030 600 6664,
1045 534 1094 605 qui
1109 534 1272 605 pertinatius
1291 535 1437 592 Laurentio
1452 535 1564 603 laverat,
1581 538 1766 611 aliasmagna*

97 631 196 671 omnes
209 617 388 674 sanabantur.
418 619 458 689 (6.
474 637 497 675 r.
513 620 556 691 F)
588 621 750 679 ludowicus
769 625 907 681 66644666-
956 621 1109 676 sanctitatis
1136 621 1197 689 6464,
1220 623 1372 679 Germanus
1394 622 1539 694 capuanus
1553 625 1701 698 episcopus
1720 625 1765 681 in·

97 720 193 760 eorum
216 705 376 762 Suessionis
403 707 509 783 Siagrio
532 709 595 766 duci
623 711 811 770 Romanorum
839 729 907 770 con-
958 713 1073 770 venitin
1106 715 1221 770 thermis
1248 715 1276 770 in
1306 716 1371 792 igne
1398 717 1556 788 purgatorio
1577 718 1766 789 positam.(G.

97 796 233 866 graditur.
253 797 378 872 siagrius
406 799 532 856 Tolosam
566 801 600 856 ad
632 803 767 860 Alaricum
787 805 907 880 lugius
955 806 1041 873 pont.)
1060 803 1296 860 llioSimmechus
1319 805 1764 864 constituitomnidominicodio

96 899 149 955 quo
171 884 320 941 Ludowico
334 889 490 958 reposcenti
515 890 656 956 remissus,
678 893 832 964 perimitur.
854 893 906 948 hu·
957 892 999 944 664
1022 891 1144 948 natalitio
1175 903 1323 965 martyrum
1351 894 1441 950 Gloria
1463 897 1494 950 in
1522 896 1629 952 66664646
1657 901 1707 952 Deo
1731 896 1766 951 66

97 976 219 1032 donicus
232 977 364 1050 quicquid
381 979 527 1037 Galliarum
549 983 601 1038 sub
615 984 750 1053 jureerat
764 985 905 1041 llomano·
957 982 1056 1037 missas
1079 985 1208 1051 cantari;
1229 1001 1311 1057 quem
1340 1001 1453 1058 ymnum
1467 986 1655 1058 Telesphorus
1673 987 1764 1060 septi·

98 1087 169 1135 rum,
183 1072 220 1128 ad
229 1072 277 1141 (66
291 1073 460 1130 Francorum
480 1076 618 1133 transfert.
959 1087 1047 1126 musa
1063 1072 1143 1130 Petro
1154 1089 1236 1144 papa,
1246 1081 1326 1130 nocte
1348 1082 1453 1131 tantum
1479 1076 1579 1131 natalis
1603 1076 1712 1133 llomini
1731 1076 1766 1132 ad

131 1159 187 1216 490
237 1161 269 1217 Β,
300 1164 340 1218 67,
379 1163 409 1219 Ρ,
439 1163 480 1222 ιο,
520 1166 548 1220 F,
579 1167 606 1221 6,
646 1167 665 1223 ι,
698 1170 740 1223 tt,
779 1168 871 1224 aaa,
958 1160 1173 1216 missasasein
1196 1162 1354 1233 ipsanocte
1378 1165 1520 1220 institutas
1552 1164 1657 1220 cantari
1683 1164 1765 1220 insti-

259 1249 303 1307 W.
319 1252 345 1307 5.
385 1252 427 1308 W.
444 1253 472 1308 4.
511 1254 541 1310 0.
573 1255 615 1310 48.
654 1257 686 1311 ll.
701 1255 746 1312 49.
958 1250 1018 1318 tuit,
1032 1258 1060 1307 et
1084 1252 1111 1307 in
1138 1269 1171 1310 eo
1191 1254 1226 1309 ad
1252 1255 1414 1330 augelorum
1429 1256 1514 1313 verba
1537 1273 1598 1329 quae
1613 1261 1767 1328 sequuntur

132 1341 229 1407 (6666.
246 1341 325 1414 Tou.)
343 1345 439 1401 Auitus
454 1346 621 1405 Viennensis
636 1349 787 1421 episcopus
801 1347 909 1414 claruit,
961 1345 1071 1415 adjecit.

100 1430 148 1501 qui
163 1429 267 1486 Gallias
280 1431 315 1486 ab
337 1433 451 1490 Arriano
465 1435 556 1491 heresi
584 1434 719 1491 defendit.
735 1434 783 1490 llic
797 1433 910 1489 metrice
996 1440 1049 1494 494
1097 1440 1123 1497 4.
1167 1445 1205 1498 44.
1247 1443 1279 1500 40
1341 1442 1380 1499 464
1421 1444 1447 1500 3,
1486 1443 1512 1500 9.
1551 1445 1578 1510 6,
1616 1444 1643 1499 3.
1683 1443 1727 1501 33.

98 1525 309 1583 666666444666
333 1529 429 1585 mundi
455 1530 542 1587 libros
566 1532 731 1603 composuit.
755 1527 904 1586 sollemnis
997 1532 1095 1607 Pnesn,
1126 1539 1201 1606 opp.)
1226 1537 1440 1594 onninamente
1472 1537 1667 1595 Wandalorum
1699 1551 1765 1612 rego

98 1616 275 1671 carnotensis
299 1616 448 1689 episeopus
474 1618 567 1685 claret,
598 1620 644 1690 qui
670 1619 698 1673 in
728 1615 906 1691 praedicando
961 1623 1103 1694 defuncte,
1128 1629 1330 1686 Trasamundns
1355 1629 1441 1687 irater
1465 1630 1525 1700 ejus
1555 1628 1679 1705 regnauit
1703 1634 1765 1699 post

101 1709 212 1764 Francis
235 1708 373 1765 Christum
402 1724 458 1765 noo
484 1710 607 1785 segniter
633 1711 743 1766 institit.
775 1712 805 1765 ln
821 1685 942 1764 ttineoB
957 1726 1019 1768 eum
1031 1716 1162 1772 6664646.

99 1800 242 1873 Hispaniae
258 1799 343 1858 lluvio
356 1801 447 1872 pisces
468 1803 541 1872 capti
554 1810 627 1872 sunt,
644 1802 672 1856 in
694 1817 809 1874 quorum
825 1817 908 1874 squa-
993 1806 1046 1862 495
1093 1808 1120 1862 4.
1161 1808 1194 1864 45
1243 1809 1287 1866 44.
1327 1810 1369 1866 46.
1408 1812 1435 1866 4.
1483 1813 1505 1865 Ι.
1551 1812 1579 1866 7.
1616 1811 1643 1864 4.
1681 1808 1716 1867 34

99 1894 150 1948 mis
165 1893 313 1949 uidebatur
332 1893 465 1965 inscripta
478 1909 533 1950 aera
548 1895 686 1967 presentis
699 1894 775 1950 anni.
804 1893 908 1949 ldatius
994 1896 1033 1966 (6.
1049 1915 1073 1953 r.
1083 1900 1125 1966 F.)
1134 1899 1297 1955 Ludonious
1321 1916 1369 1955 rex
1393 1899 1551 1976 Turingiam
1579 1898 1633 1954 sihi
1660 1896 1761 1967 subju·

100 1984 219 2039 lemica
236 1984 428 2057 Hispaniarum
443 1986 520 2042 urbis
533 1987 680 2059 episcopus
704 1986 813 2042 cronica
826 2000 878 2042 suo
892 2001 908 2041 6
957 1991 1011 2060 gat.
1025 1986 1064 2055 (44.
1079 1988 1129 2056 m.)
1145 1985 1329 2043 Theodericus
1351 2003 1398 2042 rex
1411 2001 1510 2042 omnes
1523 1985 1675 2041 vicinarum
1689 2001 1762 2060 gon-

97 2074 188 2146 primo
200 2073 348 2131 Theodosii
367 2077 510 2134 consulatu
533 2078 660 2135 inchoata
682 2078 824 2150 hucusque
840 2093 904 2150 per·
955 2073 1021 2129 tium
1038 2089 1118 2146 roges
1130 2081 1159 2130 et
1174 2074 1316 2147 principes
1339 2083 1385 2130 aut
1413 2074 1534 2129 amicitia
1562 2080 1609 2128 aut
1627 2071 1762 2129 6446644646

97 2166 184 2222 duxit.
197 2166 270 2238 (464(
290 2166 450 2225 Gennadius
473 2171 620 2241 episcopus
640 2169 741 2225 librum
768 2186 849 2225 suum
868 2170 903 2225 de
953 2161 1007 2217 sibi
1021 2164 1161 2231 conciliat,
1177 2172 1205 2220 et
1224 2164 1339 2235 pacifice
1363 2180 1449 2239 agens
1471 2165 1499 2218 in
1521 2163 1590 2219 locis
1602 2161 1763 2218 celebribus

96 2257 248 2313 illustribus
257 2258 326 2314 viris
336 2259 478 2335 hucusque
488 2261 624 2333 perduxit,
954 2251 1056 2324 regalia
1071 2251 1228 2308 habitacula
1245 2252 1364 2309 66666664
1399 2251 1555 2325 [Florebant
1568 2249 1623 2306 hoc
1637 2258 1763 2322 tompore

114 2346 174 2402 494.
215 2346 258 2400 48,
298 2347 342 2403 tt,
380 2347 406 2403 7,
455 2349 490 2403 12
538 2349 584 2406 45,
621 2350 648 2405 6,
688 2349 715 2404 3,
756 2348 800 2406 (9,
838 2348 873 2405 30
955 2340 1142 2396 launomarus
1156 2339 1341 2410 Carnotensis,
1371 2340 1502 2397 fundator
1521 2339 1632 2396 cenobii
1645 2337 1761 2394 Corbio·

128 2438 174 2508 (44.
187 2443 277 2510 pont.)
292 2439 451 2496 Anastasius
466 2441 595 2499 llomanae
605 2441 737 2499 acclesiae
756 2442 820 2499 A8¹¹⁸
839 2457 904 2514 pre·
954 2439 1058 2504 nensis,
1075 2439 1277 2495 utllaximinus
1298 2439 1514 2508 Aurelianensis,
1533 2439 1762 2496 lundatorccno·

95 2532 167 2586 sidet
199 2531 269 2589 lluic
292 2532 413 2589 Acatium
443 2535 601 2591 damnatum
632 2551 761 2592 revocare
787 2536 910 2605 volenti,
953 2532 991 2587 bii
1009 2531 1293 2604 lliciacensis30ujus
1305 2533 1434 2605 discipuli
1449 2533 1561 2588 luerunt
1576 2530 1719 2588 6664464466
1733 2536 1762 2587 64

94 2621 172 2676 multi
185 2621 371 2678 Romanorum
393 2637 449 2678 non
466 2624 708 2681 communicabant
720 2627 815 2694 (Bana,
826 2632 857 2681 H.
867 2626 903 2696 a)
952 2623 1045 2678 Avitus
1061 2622 1175 2679 abbates
1189 2623 1233 2696 44].

97 2714 220 2769 Britanni
236 2729 292 2770 666
307 2714 431 2772 66466466
449 2715 569 2787 emplius
598 2717 669 2772 ferre
691 2718 818 2774 virtutem
847 2720 903 2773 An·
987 2715 1050 2771 436.
1089 2716 1115 2771 4.
1154 2715 1188 2770 46
1237 2715 1281 2771 44.
1321 2717 1366 2771 47.
1404 2717 1429 2770 6.
1468 2716 1496 2770 4.
1545 2716 1572 2770 8.
1610 2716 1639 2770 tt.
1677 2713 1722 2771 35.

96 2807 215 2880 giorum,
232 2814 263 2862 ut
276 2806 340 2863 victi
349 2822 512 2864 concessere
527 2808 555 2863 in
580 2807 625 2878 jus
638 2816 665 2864 et
678 2824 780 2865 nomen
794 2825 900 2866 eorum.
989 2807 1031 2878 (6.
1052 2825 1074 2862 r.
1087 2809 1126 2872 4,(
1149 2806 1310 2864 hudowious
1338 2823 1454 2882 regnum
1479 2807 1645 2865 Francorum
1669 2820 1758 2878 usquc

96 2897 250 2954 Primusde
280 2904 363 2974 gente
386 2898 535 2975 Anglorum
557 2899 616 2969 44444,
645 2907 672 2957 64
697 2902 902 2957 secundusCe-
952 2897 1108 2968 Sequanam
1143 2896 1238 2952 dilatat
1275 2897 1319 2967 (G.
1343 2896 1431 2967 pont.)
1459 2896 1549 2967 Aliqui
1576 2896 1758 2950 Romanorum

95 2991 143 3058 liu,
172 2989 340 3047 alteralteri
369 2997 478 3048 mortuo
512 2992 699 3062 succedendo,
721 3001 903 3069 regnaverunt
953 2990 1114 3046 subornatis
1129 2989 1203 3046 lalsis
1231 2990 1348 3046 testibus
1369 2991 1580 3048 incriminantes
1593 2990 1771 3045 Stanacum

95 3082 168 3153 apud
181 3097 231 3138 eos
246 3097 392 3154 pcrannos
404 3083 439 3140 to
462 3084 544 3157 (463).
568 3085 704 3156 (huhrau.)
720 3085 837 3141 Sanetus
852 3086 902 3141 Pa·
914 3039 940 3106 C
953 3099 1063 3154 papam,
1079 3083 1195 3137 latenter
1211 3082 1386 3138 laurentium
1408 3083 1435 3138 in
1462 3088 1592 3154 papatum
1618 3081 1761 3138 subintro-

95 3176 192 3232 tricins
220 3177 360 3234 secundus
385 3177 522 3235 lliberniae
565 3179 801 3252 archiepiscopus,
829 3195 902 3236 anno
952 3176 1153 3246 duxeruotpro
1169 3190 1224 3246 quo
1250 3175 1378 3231 scismate
1406 3175 1622 3230 dirimendorex
1638 3173 1762 3229 Theode-

93 3267 181 3321 atatis
197 3281 256 3322 suae
286 3267 339 3323 444
366 3267 393 3323 46
415 3267 522 3324 Christo
537 3269 651 3341 quievit.
677 3270 764 3340 (4666)
780 3269 903 3326 0666666
952 3268 1024 3325 64666
1039 3269 1200 3340 episcopum
1219 3269 1329 3325 Petrum
1344 3274 1440 3326 contra
1453 3284 1575 3325 canones
1589 3266 1760 3324 visitatorem

92 3358 290 3415 aTheoderico
305 3357 333 3414 in
349 3357 403 3416 lide
427 3368 583 3434 susceptus,
607 3360 641 3417 ab
657 3377 691 3418 eo
705 3362 862 3434 perimitur,
874 3367 902 3418 64
951 3358 1198 3430 sedisapostolicae
1214 3358 1341 3414 instituit.
1741 3345 1749 3360 ⁸

92 3447 280 3504 Theodericus
294 3448 372 3504 ltalia
400 3449 513 3520 potitur,
527 3456 555 3506 64
577 3450 705 3521 deposito
731 3452 837 3523 priuato
852 3454 900 3509 ha·
985 3452 1048 3507 494.
1087 3452 1105 3508 5
1157 3452 1199 3508 44.
1239 3453 1283 3508 43.
1335 3453 1378 3508 48.
1415 3453 1440 3510 6.
1481 3452 1508 3507 3.
1545 3451 1572 3507 9.
1611 3452 1637 3507 6.
1677 3452 1722 3509 36.
1823 3516 1826 3521 ,

93 3537 164 3606 bitu,
178 3537 304 3594 induitur
317 3538 402 3613 regali
414 3545 547 3606 scemate,
574 3546 601 3595 et
628 3542 752 3616 regnarit
780 3542 808 3596 in
823 3542 901 3599 ltalia
986 3542 1029 3608 (G.
1056 3559 1080 3597 r.
1098 3542 1142 3596 F.l
1158 3541 1322 3596 ludowicus
1345 3557 1459 3615 regnum
1486 3541 1648 3595 Francorum
1670 3555 1760 3611 usque

93 3626 250 3682 4466463644.
951 3633 1069 3707 Ligerim
1089 3632 1238 3703 amplificat
1278 3632 1323 3701 (6.
1348 3632 1435 3703 pont.)
1457 3632 1612 3687 Simmacus
1636 3647 1707 3702 papa
1730 3630 1758 3686 in

127 3717 192 3774 494.
231 3717 274 3773 49.
315 3717 358 3773 44.
395 3717 423 3774 8.
463 3718 505 3776 43.
557 3721 570 3776 4
623 3720 648 3777 4.
687 3722 713 3777 t.
756 3725 779 3776 4.
819 3721 863 3779 34.
951 3719 1343 3793 consiliottbepiscoporum
1366 3736 1396 3776 se
1416 3725 1514 3794 purgat
1527 3718 1561 3775 de
1573 3719 1683 3789 objecto
1696 3719 1757 3775 cri·
1847 3757 1849 3762 ·

128 3808 232 3879 (44.64(
253 3808 363 3864 466666
394 3808 561 3881 imperatore
590 3819 709 3877 mortuo,
741 3814 901 3872 Anastasius
951 3812 1037 3879 mine,
1049 3818 1077 3867 et
1091 3811 1228 3867 damnatis
1241 3811 1319 3867 446466
1331 3816 1358 3866 64
1377 3810 1536 3879 Laurentio,
1563 3811 1624 3882 ipse
1643 3809 1756 3883 quidem

92 3904 211 3973 imperat
224 3899 305 3956 annis
319 3900 364 3968 ae,
379 3900 422 3956 664
446 3907 475 3957 64
499 3902 611 3975 quidam
637 3907 743 3976 volunt,
769 3908 814 3964 44.
829 3909 901 3964 666-
951 3904 1010 3960 6664
1022 3919 1080 3960 suae
1094 3903 1268 3959 restituitur:
1284 3903 1427 3959 contentio
1450 3910 1541 3959 autem
1561 3917 1648 3975 usque
1663 3901 1697 3957 ad
1712 3917 1759 3958 ce·

92 3993 265 4049 thamundus
284 4008 332 4047 ren
357 3993 385 4047 in
400 3993 489 4050 Alrica
512 3997 654 4053 aecclesias
668 4001 867 4058 catholicorum
884 4019 900 4059 a
950 3997 1001 4053 des
1015 3996 1205 4054 ethomltidio
1228 3996 1299 4052 inira
1313 4005 1341 4052 el
1366 4004 1442 4052 extra
1467 3993 1621 4051 aettlesitm
1635 3993 1760 4066 (44414440-

91 4095 246 4160 patruosue
260 4087 395 4145 446666466
406 4089 451 4145 664
463 4106 513 4148 666
540 4092 691 4150 Genserico
710 4095 817 4152 clausas
831 4115 900 4170 ape·
950 4091 1077 4147 trahitur·

90 4178 155 4244 ruit,
167 4184 304 4232 etornnes
318 4177 367 4233 oei
380 4179 538 4236 sacerdotes
553 4188 666 4252 petente
695 4184 817 4260 Eugenie
834 4186 898 4242 666·
983 4178 1046 4235 498·
1084 4179 1111 4237 6.
1152 4179 1193 4237 48·
1234 4179 1275 4234 ll·
1314 4177 1359 4234 49·
1397 4180 1424 4234 7·
1462 4180 1489 4233 l·
1530 4179 1573 4235 ¹⁰·
1610 4177 1635 4234 7·
1674 4179 1719 4263 37·

89 4268 386 4340 laginiensiepiseopo
406 4269 441 4325 ab
470 4271 553 4327 exilio
582 4276 728 4332 revocavit.
754 4277 898 4349 [Achacius
946 4272 948 4274 ’
985 4272 1028 4343 (G-
1059 4288 1084 4327 r·
1109 4274 1151 4340 R)
1179 4270 1341 4327 ludowicus
1365 4285 1413 4325 rex
1436 4275 1556 4325 cabirum
1582 4267 1757 4323 meledunum

89 4362 768 4435 episeopusconstantinopolitanusdivinooutu
796 4325 1031 4442 percu-Deapit.
1061 4367 1169 4440 (hana.)
1198 4365 1402 4422 Trasamundus
1429 4381 1476 4420 rex
1505 4363 1702 4418 Wandalorum
1729 4359 1757 4414 46

90 4450 158 4506 44466
170 4450 193 4487 44
205 4449 251 4520 (64.
263 4450 324 4506 Man
340 4451 413 4507 bena
425 4452 456 4525 ]].
951 4458 1049 4526 Atrica,
1061 4458 1163 4514 clausis
1190 4457 1389 4513 catholicorum
1402 4452 1547 4519 aeclesiis,
1569 4449 1622 4507 440
1641 4449 1756 4522 episeo-

125 4540 188 4595 493.
227 4543 253 4596 4.
292 4542 337 4597 43.
376 4543 403 4599 9.
451 4545 494 4600 44.
531 4545 558 4600 4.
607 4547 634 4603 8.
682 4548 708 4606 5.
747 4550 775 4605 4.
815 4551 860 4606 34.
950 4551 1261 4621 6666444466446666466
1284 4565 1354 4621 quos
1380 4547 1532 4603 Simmacus
1558 4559 1756 4617 papamooum

127 4628 158 4686 G.
185 4631 272 4701 pont.)
302 4630 475 4690 simmachus
507 4634 635 4692 llomanae
676 4639 808 4696 aecclesiae
837 4640 901 4697 49418
950 4661 1006 4700 suae
1022 4643 1195 4700 liberalitatis
1219 4641 1349 4698 benivole
1377 4638 1599 4711 exarmathem)
1618 4635 1756 4709 4466666-

90 4721 221 4791 presidet,
249 4722 377 4780 ordinato
400 4733 496 4782 666466
528 4743 592 4783 eum
615 4745 664 4799 per
691 4732 898 4788 contentionem
948 4734 1092 4811 secutione
1108 4732 1267 4806 Fulgentius
1280 4729 1438 4800 episcopus,
1447 4727 1602 4794 sanctitate,
1618 4724 1757 4798 sapientia

90 4811 247 4866 laurentio.
278 4812 342 4878 Quae
367 4827 410 4867 666
435 4830 518 4889 grave
531 4814 677 4872 discidium
705 4819 836 4877 aecclesiae
850 4820 897 4877 diu
947 4823 1114 4888 6466466446,
1139 4822 1203 4877 64446
1226 4827 1253 4876 64
1276 4818 1407 4875 46666646
1434 4818 1584 4891 preclarus,
1608 4816 1695 4872 multa
1722 4816 1756 4871 ab

88 4901 226 4970 usquead
251 4899 311 4972 ipsa
334 4902 466 4972 protraxit
492 4903 643 4962 homicidia
659 4925 666 4973 ;
683 4907 772 4965 donec
785 4911 896 4967 tandem
949 4916 1071 4971 Arrianis
1087 4931 1135 4987 pro
1150 4930 1215 4970 6666
1234 4911 1289 4969 lude
1310 4928 1468 4984 perpessus,
1493 4911 1603 4969 diutine
1618 4912 1646 4967 in
1662 4908 1757 4965 Sardi-

88 4993 161 5049 hanc
186 4992 396 5051 altercationem
423 4999 590 5071 compressit
630 5002 792 5060 Theoderici
815 5008 897 5081 regis,
949 5004 1121 5062 niamexilio
1136 5012 1301 5060 maceratur.
1325 5001 1367 5067 (6.
1394 5019 1418 5059 6.
1444 5008 1485 5068 44.)
1500 5002 1638 5060 4464644646
1662 4999 1758 5074 regina

87 5082 215 5152 quamvis
229 5084 331 5150 Ariani,
346 5088 480 5157 potentia,
494 5089 546 5145 hoc
559 5091 810 5163 aequitatisjudicto
824 5099 898 5169 opti·
949 5096 1104 5154 orthodoxa
1124 5095 1300 5152 ludowicum
1329 5111 1422 5175 regern
1437 5111 1453 5150 6
1478 5094 1642 5169 gentilitatis
1664 5107 1757 5149 errore

87 5178 185 5241 66646,
200 5181 232 5228 64
242 5172 396 5232 Simmacus
409 5193 481 5249 papa
500 5185 583 5245 esset,
609 5181 675 5253 quia
699 5183 775 5254 prior
786 5186 899 5243 ordina·
949 5203 1064 5247 6666666
1077 5187 1297 5256 conabatur,sed
1311 5186 1411 5244 lrustra
1421 5187 1514 5245 conari
1529 5183 1682 5243 videbatur.

770 5326 1067 5387 vanitati-:ottones

120 5410 146 5448 44
159 5411 274 5488 triginta
286 5413 395 5472 duobus
408 5416 454 5474 63.
470 5435 566 5478 ecorr.
583 5421 613 5478 ll.
629 5422 651 5459 44
666 5427 706 5481 tta
718 5429 749 5482 tn
759 5444 860 5486 rasura
879 5437 912 5497 4.,
928 5439 960 5490 ut
972 5433 1089 5501 6466466,
1104 5439 1131 5489 ct
1143 5434 1216 5503 relt.,·
1232 5433 1391 5491 Anastasius
1407 5446 1479 5504 papa
1494 5429 1589 5487 divino
1605 5437 1673 5488 nutu
1689 5443 1756 5501 per-

48 5554 51 5561 ,
85 5497 185 5539 mus
199 5488 242 5540 664
253 5486 284 5540 A.
298 5485 322 5522 44
335 5487 484 5547 Florebant
497 5492 648 5550 -ahbatos
661 5495 702 5564 4.,
714 5499 773 5556 rell.
789 5505 888 5559 466664
902 5505 933 5559 A.

873 5599 983 5660 NOTAE.

121 5675 196 5749 (464(
208 5675 287 5735 Errat
299 5679 481 5758 sigebertum
498 5687 601 5747 desinit
614 5688 724 5748 idacius
737 5708 764 5752 a.
779 5695 842 5753 464.
983 5698 1054 5772 (463(
1065 5700 1142 5758 446664
1155 5702 1210 5776 Sig.
1230 5701 1259 5759 in
1270 5709 1412 5772 temperet
1431 5699 1467 5757 cl·
1489 5693 1688 5770 llitsssshlffi*
