3720 6014
74 255 101 309 ot
822 253 995 310 GlithlGd.
1702 251 1740 316 62

64 397 118 438 rum
130 383 212 456 quasi
224 381 290 438 victi
303 387 510 448 concessemnt,
525 387 553 437 et
566 397 708 455 nunquam
723 382 759 438 de
773 382 874 452 subju·
885 384 912 456 Α
927 397 976 439 eos
988 382 1166 457 agemundus
1179 381 1215 438 25
1224 381 1314 436 suuis.
1331 381 1391 448 Qui,
1420 381 1485 436 dnm
1508 385 1602 453 ageret
1621 394 1651 435 se
1659 376 1739 448 iusto

14 482 19 553 t
64 487 96 546 go
110 480 401 528 eorumseexcutere
422 476 573 543 potueruut
584 472 604 526 ¹.
923 477 1059 541 securius,
1089 493 1104 532 s
1145 476 1308 551 Balgaribus
1333 492 1395 531 cum
1429 476 1522 532 multis
1551 489 1664 531 suorum
1690 480 1733 529 est

14 556 19 643 ξ
95 559 332 631 (toan.)Wandsli
344 561 617 634 quoquedeScythia
630 562 874 628 oriaudtaGothis
924 569 1069 624 extinctus.
1085 567 1217 622 lamissio
1238 566 1362 640 regnavit
1383 565 1533 630 secundus,
1547 573 1574 619 et
1587 570 1650 635 post
1668 577 1732 618 eum

65 650 136 718 licii,
150 650 258 706 &lienis
271 658 359 706 im
374 650 502 706 invadere
517 658 662 723 ceperunt,
685 653 734 724 qui
751 667 815 706 ⁵⁸²⁸
830 668 875 706 to·
926 661 960 716 tu
973 660 1053 714 annis
1077 660 1202 731 regnavit
1216 659 1301 713 Lethu
1320 658 1429 724 tertius,
1453 656 1584 711 ildehoch
1608 663 1734 727 quartus,

63 747 150 802 tinere
170 760 228 801 non
243 752 402 817 potuerunt.
424 745 478 801 llos
492 747 564 802 circa
576 746 730 802 Danubium
753 762 875 802 commo·
925 751 1223 823 Gudeocquintus,e0
1240 758 1364 822 tempore
1393 763 1448 821 quo
1462 748 1584 804 odoacer
1598 747 1733 820 regnabat

63 846 155 894 rantes
170 853 279 894 rursum
307 845 366 909 post
395 837 513 893 multum
540 844 649 909 tempus
678 838 876 894 GiberiehGo·
926 840 954 893 iu
984 839 1070 893 ltalia.
1099 840 1197 893 Sextus
1223 838 1467 914 Langobardorum
1496 854 1543 893 rex
1570 836 1620 892 tuit
1639 833 1735 901 otaffo,

62 928 169 984 thorum
186 943 234 983 rex
250 927 323 984 bello
338 928 426 984 victos
454 928 519 983 inde
551 929 876 992 exturbavit‚etatlhoe
926 931 1284 1001 septimusTato,octavus
1308 930 1463 996 waltarith,
1495 945 1585 985 nonus
1615 927 1734 992 dadoiu,

15 1042 19 1069 r
62 1016 194 1088 perpulit,
208 1025 239 1072 nt
252 1031 323 1089 quas
337 1031 450 1088 quoquo
466 1017 550 1072 modo
579 1017 682 1072 habore
709 1016 876 1073 videbantur
925 1021 1406 1094 quiLangobardosinPannoniam
1427 1018 1736 1087 duxit;decimusdl-

62 1104 165 1160 relictis
177 1104 305 1173 sedibus,
320 1105 443 1160 llomano
458 1104 576 1175 imperio
591 1105 792 1174 sesubdcreut,
819 1113 875 1161 eta
925 1111 1002 1180 boin,
1025 1113 1082 1183 qui,
1100 1112 1266 1168 transductis
1293 1114 1320 1168 in
1350 1114 1453 1169 ltaliam
1470 1111 1671 1186 langobardis,
1690 1126 1732 1166 re·

62 1195 243 1253 Constantino
264 1196 362 1272 Magno
388 1197 477 1252 iocum
504 1196 644 1251 habitandi
661 1195 714 1250 sibi
727 1196 786 1251 deri
802 1213 872 1267 sup·
925 1216 1008 1272 gnum
1025 1216 1121 1257 eorum
1135 1203 1172 1257 ibi
1187 1201 1344 1256 lirmissime
1359 1202 1501 1258 stabilivit.

62 1286 170 1357 pliciter
186 1294 321 1356 peterent.
335 1287 411 1353 Quod
428 1294 454 1342 et
469 1287 696 1358 impetraverunt,
722 1293 749 1341 et
766 1287 873 1342 Panno·
961 1291 1057 1360 (donni
1076 1298 1108 1346 at
1137 1292 1297 1359 Gothorum,
1325 1292 1371 1363 qui
1399 1291 1472 1362 apud
1501 1289 1629 1362 antiquos
1656 1289 1731 1344 Getes

61 1379 119 1434 uias
132 1379 169 1434 ab
184 1394 218 1435 eo
229 1379 430 1452 sibidelegatas
442 1379 643 1453 perseraginta
653 1393 742 1433 annos
758 1378 873 1449 pacilice
924 1382 989 1438 dieti
1005 1391 1078 1447 suut,
1090 1385 1195 1457 quique
1207 1394 1301 1455 postea
1312 1384 1403 1450 divisi,
1420 1384 1475 1438 duo
1500 1398 1532 1437 ex
1544 1397 1575 1437 se
1590 1396 1685 1455 regna,
1702 1379 1731 1434 id

61 1471 296 1527 inhabitaverunt.
313 1472 389 1527 Unde
411 1488 485 1529 anuo
505 1474 632 1530 Archadii
647 1475 691 1532 13.
708 1482 735 1529 et
752 1473 871 1528 tlonorii.
924 1480 967 1526 est
982 1472 1206 1547 Ostrogotbarum
1232 1481 1261 1530 et
1284 1471 1510 1546 Wisigotharum,
1536 1471 1672 1533 fecerunt,
1687 1476 1731 1524 ta·

62 1568 168 1623 evocati
184 1567 317 1623 instinctu
342 1569 484 1624 stiliconis
496 1570 679 1627 rebellionem
694 1578 788 1627 eontra
801 1585 874 1624 rem·
924 1558 978 1614 lom
991 1561 1126 1635 originem
1143 1561 1229 1617 luisse
1243 1562 1424 1634 eognovimus
1449 1577 1482 1615 ex
1496 1560 1612 1615 historin
1629 1558 1728 1612 torda-

62 1656 202 1727 publicam
218 1657 389 1724 meditantis,
410 1657 611 1716 infuderuntse
626 1677 675 1731 per
686 1661 796 1724 Gallias,
810 1661 872 1728 jun·
923 1655 976 1709 nis.
993 1657 1038 1711 isti
1051 1657 1192 1713 Scaneiam
1209 1657 1327 1728 Scythiae
1343 1656 1461 1711 insulam
1492 1656 1580 1726 primo
1607 1653 1733 1708 incolae·

62 1746 112 1800 ctis
126 1746 183 1800 sibi
203 1744 307 1812 Alanis,
329 1761 433 1819 easque
448 1748 610 1819 aliquandiu
640 1747 873 1804 miserrimcdila-
922 1752 996 1800 runt.
1014 1746 1097 1815 Cujus
1112 1747 1287 1817 possessione
1307 1760 1363 1801 nou
1378 1745 1512 1811 contenti,
1527 1759 1589 1800 cum
1606 1758 1671 1815 rege
1687 1756 1734 1797 eo·
1835 1795 1845 1818 0

18 1876 23 1899 ,
62 1845 236 1893 cenaverunt,
258 1838 343 1894 Etiam
362 1838 427 1894 inde
440 1855 488 1895 ρος
502 1836 677 1912 expellebant
702 1841 792 1908 Gothi,
815 1856 870 1896 non
923 1845 981 1885 rum
997 1832 1094 1887 berich
1120 1835 1184 1890 inde
1199 1837 1334 1901 exierunt,
1355 1840 1382 1889 et
1399 1834 1502 1888 vicinas
1515 1831 1632 1904 Scythiae
1649 1832 1730 1886 iusu-

19 1940 22 1959 =
61 1928 171 2000 quidem
187 1928 393 2000 prospicientes
407 1929 557 1985 calliarum
569 1930 666 2003 quieti,
695 1931 744 1985 sed
767 1947 870 1986 vacue.
921 1918 961 1974 lus
977 1931 1003 1976 ct
1018 1930 1104 1977 terras
1115 1932 1303 2000 peragrantes,
1318 1925 1530 1998 vicinasgcutes
1547 1923 1628 1979 bellis
1640 1921 1728 1977 laces·

62 2017 194 2073 metentes
207 2017 324 2089 patriam
339 2034 396 2074 suae
415 2019 569 2090 rapacitati,
581 2019 707 2075 wandali
727 2020 871 2091 Hispania,
919 2011 1028 2080 saltant,
1050 2020 1078 2068 ct
1102 2020 1206 2070 terrore
1219 2014 1341 2070 nominis
1355 2016 1398 2069 sui
1415 2014 1548 2070 finitimas
1562 2019 1659 2088 gentes
1673 2009 1729 2066 sibi

41 2106 196 2181 aggressi,
211 2123 287 2162 nunc
301 2108 455 2182 Hispanias,
481 2125 555 2164 nunc
576 2109 675 2164 Gallias
699 2110 783 2165 multo
801 2116 870 2163 tem.
921 2098 1095 2170 subigebant.
1123 2102 1187 2158 POSi
1214 2104 1265 2158 sub
1289 2104 1416 2158 filimere
1431 2104 1529 2174 quinio
1544 2102 1679 2173 legeisilo
1693 2098 1729 2156 ad

64 2213 125 2268 pore
141 2198 306 2269 depopulati
322 2208 387 2255 sunt
400 2218 408 2267 ;
419 2200 469 2255 sod
484 2216 536 2255 nec
546 2200 615 2255 ibia
640 2200 735 2256 Gothis
750 2201 799 2255 tuti
809 2217 870 2256 esse
920 2187 1052 2243 Uiiesiffl'a
1071 2191 1189 2262 Sciilliae
1205 2192 1355 2265 ill0bs0⁸⁸it
1372 2193 1406 2246 ad
1433 2191 1578 2247 05i01‘10l05
1591 2204 1679 2260 usque
1691 2188 1728 2243 si·

64 2294 220 2358 potueruut.
238 2287 346 2359 Quippe
361 2290 426 2361 quia
441 2288 521 2345 Gothi
536 2289 620 2345 nimis
635 2291 739 2345 ltaliam
755 2289 868 2361 inquie-
921 2293 970 2347 pas
994 2280 1120 2348 Dflssssbib
1148 2291 1234 2338 tollas
1256 2284 1367 2351 Trooiae.
1392 2285 1491 2349 Datim,
1519 2281 1667 2353 Μ’θῦῑῖθῆυθ
1680 2279 1729 2334 ‘¹5¹¹

63 2375 154 2431 tabant
181 2393 189 2442 3
213 2375 359 2445 Honorius,
392 2378 546 2435 deliberato
575 2394 637 2434 cum
660 2378 718 2434 suis
742 2378 868 2447 consilio,
921 2367 1117 2449 immolatoque
1131 2378 1194 2426 suut
1205 2373 1353 2447 pervagati.
1370 2373 1410 2427 lbi
1427 2371 1570 2443 permulta
1585 2376 1720 2440 tempora.

64 2462 210 2536 ilispantas
225 2471 252 2520 et
267 2465 376 2534 Gallias,
401 2482 470 2539 quas
497 2468 578 2523 sibia
598 2467 739 2523 Wandalis
753 2468 870 2539 aliisque
921 2456 1005 2513 issifflO
1020 2476 1069 2530 per
1079 2459 1284 2528 mustisaesslllsst
1296 2462 1323 2516 5¹¹
1337 2469 1448 2533 gsssslt'ffi
1469 2475 1595 2535 magnam
1611 2457 1729 2530 i⁰0³¹¹¹0·

61 2556 191 2627 gentibus
215 2565 367 2628 praereptas
391 2558 513 2625 dolebat,
535 2559 631 2615 Gothis
646 2567 704 2615 reta
727 2559 889 2615 confirma·v
921 2558 1037 2619 tuimet
1063 2555 1163 2609 multas
1186 2562 1284 2629 gentes
1312 2555 1436 2610 victoriis
1455 2554 1513 2608 suis
1544 2550 1727 2623 applicantes,

61 2645 133 2702 tione
148 2647 274 2704 donavit.
288 2647 353 2704 Gttm
368 2665 435 2724 crgo
450 2650 560 2706 Gothia
588 2650 691 2707 fluibus
705 2652 757 2706 sibi
782 2652 871 2723 depu-
921 2657 1057 2703 nomenet
1070 2648 1259 2704 fortitudinem
1279 2667 1355 2704 suam
1387 2648 1632 2719 amplificaverunt.
1655 2641 1728 2699 Viri-

62 2745 121 2794 tatts
132 2738 286 2795 Wandalos
300 2740 425 2812 aliosque
440 2743 534 2797 hostes
552 2741 674 2816 effugare
689 2752 868 2811 maturarent,
920 2737 973 2792 bus
988 2740 1122 2813 vigentes,
1139 2741 1251 2815 ingenio
1262 2741 1403 2804 callentes,
1417 2739 1600 2811 philosophiae
1615 2750 1728 2808 qnoque

62 2837 86 2885 et
106 2829 236 2885 Wandali
265 2830 388 2904 undique
425 2834 547 2889 conclusi
587 2835 684 2890 timore
717 2835 868 2891 Gothorum
920 2829 1073 2900 disciplinis
1086 2831 1197 2898 cruditi,
1213 2831 1331 2886 nativam
1348 2830 1503 2885 barbariem
1518 2835 1660 2893 exuentes,
1674 2826 1728 2880 ltu·

60 2926 219 2986 estuarent,
241 2922 362 2992 peccatis
387 2922 482 2994 populi
510 2922 687 2991 iacientibus,
712 2924 827 2995 inopina
840 2933 868 2980 et
919 2919 1088 2975 manitatect
1103 2922 1248 2977 honestate
1264 2921 1326 2976 aliis
1339 2920 1490 2976 barbaricis
1518 2917 1647 2994 gentibus
1662 2930 1727 2987 pre·

60 3015 132 3083 grate
143 3009 268 3064 occurrit
282 3009 324 3064 eis
335 3009 475 3066 felicitatis
500 3012 685 3082 oportunitas.
712 3013 779 3068 Nam
796 3013 868 3069 inter
879 3037 904 3106 C
917 3009 1071 3065 minebaut.
1086 3010 1219 3082 Tempore
1234 3018 1325 3065 autem
1340 3009 1414 3064 llecii
1430 3006 1606 3079 imperatoris
1635 3013 1727 3059 traus-

60 3099 411 3158 Boneiaciumetdethium
423 3103 655 3160 Romanosduees
670 3121 720 3177 per
734 3106 866 3161 invidiam
919 3101 956 3156 ito
967 3102 1090 3159 Danubio
1114 3120 1176 3159 cum
1203 3104 1288 3158 Guiva
1311 3118 1450 3174 regesne,
1480 3101 1598 3173 graviter
1611 3097 1728 3154 incuba-

59 3200 112 3248 orta
127 3192 283 3260 simultate,
296 3193 462 3250 bonefacius
488 3194 578 3251 iactus
591 3196 715 3261 interior.
740 3213 803 3253 curn
817 3199 867 3254 do·
918 3187 1122 3247 baniii⁰¹¹¹t¹1¹0
1150 3192 1276 3262 impello
1292 3191 1372 3256 Quia
1397 3191 1481 3247 Βθῦίθ
1503 3189 1622 3261 immisti
1638 3187 1723 3255 b0¹¹⁰r

59 3280 140 3338 larem
155 3298 217 3338 suae
238 3281 346 3350 iniuriae
356 3283 444 3340 nollet
457 3284 554 3341 ulcisci
569 3286 623 3341 nisi
638 3287 740 3343 damno
753 3297 781 3343 et
796 3288 868 3359 peri·
918 3283 1041 3338 exercitu
1056 3285 1240 3341 llomannrum
1257 3285 1385 3357 protrito,
1411 3285 1499 3357 ipsum
1526 3283 1637 3339 Decium
1664 3297 1726 3352 per-

60 3371 116 3428 eulo
130 3371 172 3426 rei
186 3370 318 3442 publicae,
334 3372 369 3427 ad
386 3372 530 3443 Hispanias
550 3374 685 3442 transivit,
701 3381 730 3430 et
745 3375 867 3429 Wanda·
917 3385 1044 3433 emerunt
1054 3394 1115 3432 cum
1126 3376 1183 3433 tilio
1199 3379 1292 3433 becio.
1315 3379 1369 3433 tluu
1383 3377 1514 3433 felicitate
1530 3376 1594 3432 elati
1606 3384 1635 3431 et
1646 3389 1720 3445 saepe

59 3461 145 3518 lossd
180 3461 371 3534 occupandam
396 3463 503 3519 Libiam
531 3471 559 3520 et
584 3464 710 3521 luricam
731 3466 865 3522 invitavit.
916 3474 1011 3537 postea
1036 3469 1064 3522 in
1089 3485 1238 3543 congressu
1259 3470 1389 3524 Romanis
1416 3470 1536 3524 ducibus
1564 3468 1723 3539 superiores

59 3555 187 3621 Quocum
201 3557 399 3627 pervolassent,
417 3558 455 3614 ibi
470 3575 585 3635 regnum
603 3577 682 3615 suum
697 3562 784 3616 multo
795 3568 866 3616 tent·
917 3556 1018 3624 effecti,
1032 3559 1080 3614 toti
1094 3560 1153 3614 orbi
1169 3560 1293 3614 Romano
1315 3567 1394 3614 eraut
1414 3559 1521 3615 terrori.
1559 3557 1605 3612 lsti
1635 3556 1728 3611 adhue

59 3664 123 3719 pore
133 3647 379 3715 confirmaverunt,
402 3658 430 3706 et
442 3651 536 3708 divina
551 3661 579 3708 et
604 3654 725 3710 humana
739 3654 799 3710 sine
815 3655 867 3709 ali·
919 3655 993 3705 trans
1006 3649 1160 3705 Danubium
1185 3651 1336 3715 constituti,
1352 3658 1477 3721 tempore
1493 3647 1617 3704 Voiessliss
1637 3647 1727 3716 im1³0·

58 3757 109 3812 quo
139 3747 269 3813 respectu
301 3741 480 3798 humanitatis
511 3743 554 3799 vel
583 3743 736 3800 divinitatis
759 3753 866 3816 pertur-
917 3741 1264 3812 ratoriscoeperunteivili
1294 3741 1498 3797 bellointersc
1522 3738 1630 3796 collidi.
1647 3737 1727 3792 atha-

58 3828 205 3886 barerunt.
918 3828 1019 3885 laricus
1031 3829 1086 3885 dux
1098 3830 1181 3885 nnius
1196 3830 1281 3902 partis
1293 3846 1355 3886 cum
1376 3829 1558 3901 prevaluisset
1573 3827 1726 3900 Fritigerno

92 3921 189 3989 (Paua.
222 3921 306 3987 brac.)
331 3921 506 3989 Winilorum,
535 3924 582 3996 qui
603 3931 700 3996 postea
714 3926 802 3996 patria
814 3926 869 3981 lin·
918 3924 1106 3980 dueialterius
1122 3925 1216 3996 partis,
1229 3924 1397 3999 Fritigernus
1424 3941 1440 3978 a
1464 3924 1577 3979 Valente
1594 3920 1726 3977 auxilium

60 4029 111 4085 gua
123 4013 298 4086 Langobardi
312 4030 328 4068 a
341 4013 431 4090 longis
457 4016 551 4072 barbis
565 4019 654 4073 vocati
675 4029 749 4086 suut,
765 4027 868 4075 certam
919 4018 998 4088 petit,
1011 4017 1189 4073 christianum
1201 4033 1231 4072 se
1244 4016 1303 4073 fieri
1318 4017 1463 4088 promittit.
1479 4016 1577 4072 Valens
1592 4014 1726 4070 auxilium

61 4101 172 4172 quidem
190 4102 517 4178 origiucmlegintus.scd
527 4115 631 4162 certum
642 4108 759 4181 originis
772 4123 868 4164 eorum
919 4107 1013 4174 mittit,
1029 4122 1134 4177 eosque
1151 4107 1177 4161 iu
1194 4117 1298 4162 sectam
1311 4107 1499 4173 Arrianorum,
1514 4107 1643 4162 Arrianus
1654 4104 1726 4175 ipsc,

62 4197 168 4262 tempus
182 4206 239 4246 non
264 4191 429 4248 invenimus.
462 4194 527 4249 Nam
545 4211 625 4270 reges
640 4212 770 4271 regnasse
785 4213 870 4269 super
919 4194 1013 4250 induci
1036 4195 1111 4251 tecit.
1137 4196 1215 4250 tlnno
1230 4194 1276 4252 13ο
1292 4195 1412 4250 Valentis
1433 4195 1512 4262 ilani,
1529 4193 1576 4266 qui
1592 4200 1619 4249 et
1630 4193 1681 4266 ipsi
1698 4192 1726 4248 iu

62 4280 253 4354 eoslegimus,
270 4284 614 4353 quorumetiamuomiua
642 4287 801 4355 didicimus,
817 4289 867 4344 sed
919 4286 1028 4358 Scythia
1057 4294 1186 4357 potenter
1213 4287 1441 4344 debachabantur
1478 4294 1561 4356 atque
1586 4284 1725 4348 ferociter,

62 4386 148 4428 annos
162 4373 243 4447 regni
259 4389 356 4430 eorum
371 4391 422 4445 per
436 4382 561 4448 tempora
581 4379 724 4436 distinctos
743 4397 798 4437 non
825 4380 867 4434 in·
920 4378 990 4434 nacti
1005 4379 1218 4449 oportunitatem
1241 4394 1274 4434 cu
1297 4379 1426 4434 intestina
1449 4377 1598 4432 Gothorum
1629 4375 1728 4429 simut·

62 4460 197 4516 venimus.
215 4461 245 4516 lli
262 4463 485 4521 inSeandinavia
508 4466 626 4538 Scythiae
652 4469 743 4525 insula
762 4471 869 4545 degen-
918 4479 982 4541 tate,
999 4471 1069 4528 lines
1091 4488 1186 4530 eorum
1217 4489 1250 4529 ex
1272 4473 1424 4545 improviso
1448 4471 1594 4536 invadunt,
1622 4484 1727 4542 eosque

62 4557 186 4619 tes,cum
213 4553 252 4608 ita
271 4554 445 4627 multiplicati
462 4565 567 4627 essent,
588 4567 617 4614 ut
646 4576 695 4617 eos
727 4569 800 4617 terra
818 4579 867 4619 sua
918 4560 1213 4617 bellovictosautsibi
1244 4561 1402 4634 sthugant,
1428 4568 1474 4615 aut
1501 4559 1660 4631 captivitate
1679 4574 1729 4614 ex·

62 4655 158 4712 aspere
169 4657 226 4696 nou
237 4651 340 4714 posset,
356 4646 516 4718 egressione
532 4648 617 4704 tertiae
641 4652 727 4721 partis
743 4652 867 4709 minuere
917 4649 1052 4715 cruciant,
1062 4658 1109 4705 aut
1121 4649 1209 4720 patria
1228 4649 1383 4705 eliminant.
1399 4650 1437 4703 lta
1451 4648 1542 4715 Gothi,
1557 4647 1606 4721 qui
1624 4649 1728 4703 inultas

61 4731 264 4789 multitudinem
278 4736 425 4791 consilium
441 4738 610 4808 habuerunt,
622 4750 651 4797 et
666 4744 779 4815 quinam
791 4745 867 4801 exire
918 4747 1018 4813 gentos
1031 4739 1214 4795 subdiderant
1221 4754 1272 4795 ⁵1¹0
1283 4737 1396 4794 servili⁰
1409 4739 1430 4804 ²»
1447 4737 1588 4793 *sumtum
1603 4736 1729 4792 subdilss·

61 4819 205 4890 deberent,
226 4822 309 4879 missa
319 4831 394 4881 sorte
408 4828 604 4898 quaesiveruut.
623 4830 693 4899 Ergo
709 4832 790 4887 tertia
804 4848 869 4905 pars
918 4834 1104 4902 turdominio,
1129 4842 1157 4889 et
1172 4833 1256 4888 nimis
1279 4848 1375 4889 eorum
1396 4832 1547 4904 potentiam
1578 4832 1728 4907 adaugent,

61 4910 235 4982 winilorum,
250 4926 390 4986 prouteos
411 4919 495 4974 missa
513 4936 574 4976 sors
603 4923 737 4998 elegerat,
751 4924 870 4980 ducibus
921 4928 986 4984 dum
1002 4943 1101 4984 omnes
1121 4927 1168 5000 qai
1182 4926 1277 4982 Gothia
1300 4926 1469 4995 serviebant,
1484 4942 1536 4997 per
1558 4925 1661 4981 Gothos
1675 4924 1729 4978 llu-

61 5003 185 5075 lgionet
200 5004 263 5061 lbor
275 5006 310 5061 de
324 5005 508 5066 Scaudiuavia
520 5011 613 5069 insula
621 5015 738 5088 egressi,
753 5016 788 5071 de
808 5017 870 5074 loco
921 5034 1018 5074 norum
1034 5016 1200 5089 principatui
1208 5022 1315 5088 parent.
1330 5014 1430 5071 Taliter
1443 5014 1514 5069 lluni
1530 5013 1644 5070 inomni
1656 5025 1728 5085 pene

61 5098 86 5152 iu
99 5099 192 5156 locam
213 5100 300 5169 ibant,
326 5103 425 5159 incerti
451 5113 479 5160 et
507 5107 664 5183 vagabundi
680 5127 688 5177 ,
702 5118 728 5166 et
742 5126 758 5166 a
772 5112 867 5169 multis
920 5108 1031 5180 Scythis
1041 5109 1197 5181 principatu
1211 5114 1240 5162 et
1268 5105 1432 5163 tortitudine
1448 5104 1562 5169 ,cunctis
1589 5103 1728 5175 premine-

61 5203 131 5261 sepe
143 5189 227 5247 bellis
241 5190 370 5264 impetiti,
391 5193 518 5264 viriliter,
547 5199 613 5270 quis
635 5215 685 5272 pro
712 5201 806 5258 anima
823 5220 867 5261 res
917 5202 992 5257 baut.
1012 5201 1092 5257 Gothi
1121 5199 1186 5257 victi
1208 5200 1308 5271 partim
1328 5214 1370 5266 ae,
1397 5196 1525 5254 Danubio
1540 5194 1666 5263 transito,
1682 5194 1728 5251 in·

61 5285 116 5334 eret
135 5279 201 5347 iltis,
213 5280 330 5336 salutem
345 5287 373 5337 et
387 5281 541 5340 libertatem
561 5301 639 5342 suam
666 5287 864 5351 defendebant.
916 5299 1061 5370 gesserunt
1080 5291 1308 5347 finibusllomani
1325 5291 1447 5362 imperii,
1470 5296 1526 5346 eta
1550 5286 1662 5343 Valente
1675 5302 1727 5359 pe·

61 5362 141 5424 lemn
154 5368 245 5444 Agiou
260 5374 289 5425 et
300 5369 363 5426 lbur
372 5372 500 5441 mortuis,
522 5375 647 5450 regnavit
666 5377 771 5449 primus
783 5397 867 5454 super
916 5382 1020 5439 tierunt
1041 5389 1143 5437 terram
1172 5380 1206 5437 ad
1221 5380 1434 5437 inhabitandum
1450 5377 1503 5434 sibi
1528 5376 1598 5433 dari.
1626 5378 1684 5442 Qus
1696 5390 1726 5432 re

10 5540 14 5607 p
735 5508 846 5570 velitis
860 5513 1052 5572 tamtovss.

92 5590 220 5700 ‘limfae
231 5595 333 5678 boo-de
344 5599 485 5655 ments
495 5601 728 5671 monem
740 5611 906 5692 wambasio
918 5611 1018 5667 babeat
1032 5607 1121 5666 ⁰1⁴¹.
1137 5606 1207 5670 libb.
1225 5612 1338 5680 tradem
1351 5607 1482 5667 editiones
1493 5613 1592 5680 prora
1605 5610 1727 5664 idaeum

61 5676 155 5723 maer.
192 5663 320 5726 dentato
331 5671 509 5743 ammoto
520 5671 556 5730 ab
566 5673 660 5733 eadem
671 5690 757 5738 masa
771 5688 884 5742 servtttu
902 5683 929 5741 l.
949 5683 990 5740 att
1001 5694 1168 5754 meamne.
