3720 6014
65 233 119 290 557
690 228 753 287 itu.
774 229 816 285 DE
836 228 959 285 scatet.
983 228 1115 288 EGCLES.
1683 248 1736 306 558

62 368 123 418 tore
142 359 460 417 urbanomonaohuset
481 354 579 422 abbas,
600 357 879 427 septirnusiiomama
893 362 917 430 Α
965 357 1026 413 Gar.
1052 359 1139 415 xtxv.
1166 361 1315 434 Glaudius,
1346 367 1504 426 Classitauae
1532 372 1609 428 urbis
1640 376 1737 447 abbas,

64 454 199 510 Ecclesiae
214 453 308 517 levita,
329 448 525 521 apocrisarius,
547 464 619 518 papa
639 449 769 504 Romana
786 449 880 504 Eccle-
930 447 1014 503 multa
1041 451 1076 505 de
1105 452 1271 522 Proverbiis,
1299 457 1334 512 dc
1355 458 1473 517 Canticis
1500 464 1680 536 canticorum,
1703 470 1738 527 de

61 545 112 602 siae
135 545 223 601 multa
243 543 364 615 scripsit.
393 541 547 612 Rogatusa
575 540 699 597 Leandro
726 540 879 611 hispalensi
929 539 1052 610 Eptatico
1080 543 1280 620 [Eptateuchoi
1309 549 1343 606 dc
1359 553 1512 625 prophetis,
1529 555 1563 612 de
1578 556 1658 615 libris
1683 560 1738 618 na-

60 634 205 707 episcopo,
221 633 323 688 librum
337 631 388 686 tob
412 628 541 701 exposuit
560 629 721 700 tripliciter,
738 629 877 694 historice,
928 649 1004 706 gum,
1020 651 1089 706 quos
1106 638 1235 710 loquente
1251 642 1384 716 Gregorio
1404 647 1540 716 audierat,
1555 653 1670 722 exponi,
1685 669 1738 710 uec

60 727 212 801 allegorico
229 735 256 780 et
268 722 422 788 moraliter,
439 731 467 776 et
482 720 570 776 libros
587 721 714 776 dividens
730 720 758 774 in
791 737 838 775 sex
848 721 880 774 li·
932 730 1022 780 tamen
1044 743 1076 782 ea
1090 728 1238 804 Gregorius
1260 750 1317 804 prae
1334 735 1491 795 infirmitate
1513 750 1540 797 et
1554 745 1737 815 occupatione

62 817 130 874 bros
145 816 349 873 consummavit
360 815 413 869 hoc
428 812 556 867 mirabile
570 827 640 883 opus
657 813 684 866 in
703 829 773 867 xxxv
788 812 877 868 libris.
929 817 1087 888 scripserat,
1104 822 1164 892 ipse
1184 840 1234 880 suo
1250 841 1333 882 sensu
1356 829 1480 897 dictavit,
1502 849 1537 889 no
1560 835 1692 906 perirent,
1708 843 1739 893 ut
1775 895 1779 900 ,

62 911 184 966 Primam
195 908 355 965 etultimam
369 914 474 978 partem
486 904 638 960 Ezechielis
651 905 805 975 prophetae,
818 920 879 976 quae
930 914 994 976 apto
1020 916 1144 981 tempore
1173 915 1347 972 emendatius
1374 918 1552 979 dictarentur,
1582 925 1646 990 Quae
1674 943 1736 984 cum

61 997 240 1056 obscuriores
265 1007 367 1065 erant,
398 996 526 1068 exposuit
557 995 710 1051 homilitico
737 1011 876 1052 sermone.
929 996 1076 1072 Gregorius
1102 1005 1284 1074 comperisset
1309 1009 1389 1066 valde
1425 1013 1549 1070 inutilius
1582 1025 1737 1087 permutata

61 1092 181 1164 Scripsit
196 1092 231 1148 ad
245 1093 393 1147 hiarianunr
415 1090 575 1162 episcopum
592 1106 645 1144 xtrr
667 1090 806 1163 Evangelii
828 1090 877 1146 ho·
928 1103 1000 1155 esse,
1021 1106 1054 1146 ea
1072 1094 1213 1151 studiosus
1228 1098 1373 1176 recollegit
1391 1112 1418 1159 et
1431 1114 1588 1176 opportune
1607 1111 1736 1168 correxit.

65 1184 165 1239 milies.
184 1184 214 1239 lu
240 1182 320 1239 initio
339 1188 456 1254 papatus
482 1182 524 1236 sui
544 1181 657 1252 scripsit
674 1181 708 1236 ad
730 1181 877 1247 ioannem,
969 1176 1030 1235 er.
1057 1180 1129 1236 XLV.
1156 1184 1320 1244 Fortunatus
1346 1191 1427 1262 (756),
1454 1194 1566 1252 natione
1591 1198 1684 1267 italus,
1704 1201 1738 1257 li-

63 1273 203 1329 navennae
218 1272 392 1344 episcopum,
415 1272 516 1327 librum
536 1272 646 1345 ilegulae
662 1271 815 1343 pastoralis.
836 1271 881 1326 ii·
931 1268 1073 1325 beratibus
1088 1272 1193 1329 artibus
1209 1277 1381 1344 eruditus,'a
1397 1281 1492 1339 dolore
1515 1286 1738 1356 oculorum,vir·

62 1362 145 1419 hrum
160 1362 347 1435 Dialogorum,
364 1376 445 1433 quem
460 1377 522 1417 curn
538 1361 617 1416 Petro
640 1360 760 1416 diacono
775 1376 826 1416 suo
842 1361 878 1416 de
932 1362 989 1413 tute
1017 1358 1125 1415 Martini
1150 1361 1320 1421 Turonensis
1348 1368 1484 1443 episcopi,
1503 1381 1624 1444 sanatus,
1646 1386 1675 1434 et
1687 1395 1736 1450 pro

63 1451 208 1507 miraculis
235 1458 394 1507 sanctorum
419 1449 461 1507 sui
480 1451 615 1522 temporis
639 1450 747 1518 habuit,
774 1451 880 1507 Teude·
914 1448 982 1506 'hac
1009 1468 1090 1509 causa
1110 1455 1144 1510 ad
1164 1457 1288 1514 Turones
1313 1461 1400 1525 venit,
1425 1469 1453 1518 et
1475 1463 1510 1520 ad
1532 1467 1654 1526 Pictavos
1673 1488 1738 1543 pro.

61 1539 148 1596 iindoe
171 1538 413 1614 longobardorum
441 1538 545 1613 reginae
577 1554 627 1609 pro
652 1554 764 1595 munere
792 1539 877 1596 misit.
928 1559 1050 1619 gressus,
1067 1547 1156 1617 primo
1168 1546 1207 1602 ibi
1220 1550 1373 1623 presbyter,
1388 1552 1490 1611 deiude
1506 1558 1654 1631 episcopus
1669 1578 1737 1619 eon-

64 1627 250 1700 Epistolarum
277 1636 317 1682 tot
333 1627 419 1683 libros
440 1627 560 1698 posteris
574 1627 684 1700 reliquit
704 1635 771 1699 quot
790 1642 878 1684 annos
928 1641 1050 1690 secretus
1063 1642 1114 1691 est.
1136 1636 1252 1710 Scripsit
1271 1641 1386 1698 metrice
1405 1643 1616 1717 iiodoeporicum
1633 1664 1734 1715 suum;

61 1722 91 1778 in
102 1729 204 1795 papatu
218 1721 295 1787 vixit,
308 1722 335 1777 id
356 1730 398 1779 ost
417 1723 550 1779 tredecim
568 1729 595 1779 ct
608 1724 702 1780 semis.
717 1723 833 1796 Scripsit
848 1733 876 1780 et
927 1723 1037 1794 scripsit
1051 1725 1165 1781 metrice
1180 1735 1300 1799 quatuor
1323 1730 1410 1788 libros
1430 1734 1467 1790 lie
1484 1735 1545 1792 Vita
1563 1739 1652 1794 sancti
1667 1738 1737 1794 iiar·

63 1811 121 1866 alia
135 1827 198 1883 qua}
226 1810 393 1867 ailomauis
421 1818 617 1884 postmortem
647 1813 708 1881 eius
734 1813 876 1869 combusta
926 1813 988 1880 tini,
1011 1823 1041 1870 et
1055 1817 1141 1873 multa
1156 1818 1218 1887 alin,
1241 1829 1270 1876 et
1288 1823 1408 1880 maxime
1431 1825 1549 1897 hymnos
1563 1826 1734 1906 singularum

62 1910 139 1967 sunt,
159 1900 250 1972 quiet
270 1900 363 1956 omnia
378 1915 463 1972 opera
489 1901 550 1971 ejus
577 1901 804 1970 combussissent,
821 1902 874 1958 nisi
926 1902 1113 1961 festivitatum.
1129 1906 1169 1961 ad
1182 1907 1310 1984 singulos
1334 1913 1439 1970 amicos
1457 1920 1615 1990 composuit
1638 1936 1736 1977 versus

63 1991 173 2058 Petrus,
187 1991 321 2047 diaconus
335 1991 406 2060 eius,
422 1991 610 2047 interveniens
626 1991 816 2049 confirmasset
829 1992 874 2064 iu·
924 1993 1001 2049 suavi
1016 2000 1043 2050 et
1062 1994 1165 2051 diserto
1185 2013 1323 2055 sermono.

60 2083 211 2153 rejurando
236 2099 266 2139 se
294 2084 397 2139 vidisse
425 2084 555 2155 Spiritum
583 2094 707 2141 sanctum
728 2086 806 2157 quasi
825 2101 874 2142 co·
959 2081 1022 2139 Gar.
1048 2084 1135 2141 tttvt.
1160 2086 1334 2145 iustinianus
1367 2089 1464 2162 iiajor,
1495 2094 1648 2166 imperialis
1675 2114 1735 2156 mg.

63 2174 189 2232 turabam
210 2191 295 2247 super
319 2185 402 2246 caput
416 2175 538 2248 Gregorii
555 2177 697 2233 tractantis
716 2178 872 2244 sedentem,
921 2176 1030 2246 jestatis
1056 2176 1188 2253 dignitate
1205 2178 1327 2242 illustris,
1356 2180 1466 2237 videtur
1489 2183 1622 2242 illustrior
1648 2188 1734 2246 hrissc

60 2276 183 2326 rostrum
209 2285 289 2325 suum
305 2271 346 2326 ori
366 2270 442 2325 illius
457 2270 639 2338 inserentem
655 2280 683 2327 et
707 2271 759 2328 hoc
782 2273 872 2344 ipsum
924 2266 986 2320 aliis
1005 2267 1227 2338 imperatoribus,
1243 2285 1293 2340 per
1308 2270 1359 2326 hoc
1373 2271 1446 2342 quod
1462 2272 1545 2329 etiarn
1559 2274 1632 2330 inter
1647 2278 1736 2333 eccie-

61 2358 160 2416 Petrus
179 2361 231 2416 huo
245 2361 406 2417 conditione
431 2361 505 2428 iecit,
522 2370 551 2418 ut
578 2362 601 2417 si
623 2363 682 2435 ipse
697 2374 760 2435 post
772 2364 873 2420 factum
925 2354 1052 2410 siasticos
1065 2355 1213 2426 scriptores
1233 2355 1324 2412 iocum
1339 2359 1493 2430 acquisivit.
1516 2361 1601 2435 Leges
1614 2379 1733 2437 namque

58 2454 255 2525 jusjurandum
271 2457 362 2511 statim
379 2463 544 2522 moreretur,
560 2457 674 2512 hnmani
689 2474 704 2512 a
720 2458 796 2513 libris
810 2458 875 2514 Grc-
927 2442 1124 2512 R⁰ffli¹¹¹⁰i1¹ms
1141 2461 1256 2516 quatum
1286 2447 1431 2518 prolixitas
1455 2449 1541 2507 nimia
1556 2460 1615 2508 erat
1635 2461 1663 2510 et
1675 2455 1734 2511 inu.

60 2547 134 2620 gorii
145 2547 344 2603 comburendis
358 2556 499 2604 cessarent
513 2549 554 2618 ;si
567 2565 621 2606 non
635 2558 799 2618 moreretur,
817 2551 875 2622 ipsc
927 2535 983 2609 iilis.
999 2536 1178 2602 dl⁵⁸⁰¹¹ssssiiat
1207 2537 1327 2593 mirabili
1353 2538 1487 2597 brevitate
1515 2545 1641 2602 correxit.
1666 2545 1733 2602 Nam

61 2635 147 2692 eiiam
179 2634 401 2691 combustoribus
428 2636 560 2691 librorum
590 2653 687 2692 manus
715 2638 802 2694 darei,
832 2639 877 2695 Sic
926 2645 1022 2686 omnes
1036 2632 1247 2688 constitutiones
1258 2633 1427 2705 principum,
1447 2653 1508 2709 qudi
1527 2638 1624 2712 iiiique
1639 2642 1734 2699 multis

62 2731 162 2787 Petrus
176 2730 249 2787 inter
262 2730 346 2786 verba
368 2732 517 2800 iuramenti
544 2733 702 2803 exspiravit,
726 2742 753 2789 et
777 2733 876 2789 [loma.
927 2721 955 2776 in
971 2722 1160 2778 voluminibus
1175 2724 1359 2797 habebantur,
1370 2727 1441 2784 intra
1456 2745 1494 2785 xrr
1508 2729 1595 2788 libros
1610 2742 1733 2790 coarcta-

60 2839 160 2880 norum
188 2823 297 2878 insania
322 2823 448 2880 cessavit.
471 2824 535 2889 Quae
552 2826 686 2895 scriptura
713 2825 873 2897 Gregoriurn
925 2811 981 2867 vit:
1002 2812 1076 2867 idm
1096 2829 1209 2886 Tu⁰tl¹10
1231 2814 1360 2871 V⁰¹i¹m⁰ss
1381 2815 1508 2874 COdiceffi
1528 2821 1733 2880 iustinianeum

59 2919 118 2968 tam
132 2912 289 2979 illustravit,
306 2928 387 2983 quam
409 2912 475 2967 illud
493 2913 567 2984 quod
588 2914 816 2984 .lntiplronariu1n
833 2931 873 2970 re·
924 2901 1057 2972 appellffl'i
1070 2901 1144 2958 seili-
1159 2903 1331 2976 Rursum(illl)
1342 2905 1513 2980 Singulorum
1525 2911 1733 2982 magistratuum

60 3003 280 3079 guiarimusicae
306 3003 495 3059 modulatione
519 3004 704 3060 centonizavit
719 3015 746 3059 et
764 3005 874 3061 scholas
924 2990 1119 3061 silitudii'um
1145 2991 1231 3065 ¹⁰3⁰&
1257 3009 1318 3065 (11¹ae
1338 3011 1427 3067 11571Ιθ
1441 2998 1475 3051 ad
1491 2998 1546 3055 ‘¹¹¹⁰
1562 3000 1649 3057 millia
1662 3019 1734 3074 Ρθῦθ
1826 3028 1830 3035 “

62 3102 207 3150 cantorum
223 3093 384 3164 ingilomana
395 3094 516 3150 Ecclesia
530 3095 674 3151 constituit
685 3095 769 3164 (753),
887 3051 1056 3137 Clabrorum
1070 3089 1290 3152 erantextensre,
1304 3085 1375 3141 intra
1390 3088 1732 3165 quinquagintalibrorum

98 3185 161 3242 Gar.
192 3184 268 3240 xtlt.
292 3186 472 3251 Anastasius,
500 3187 687 3242 Antiochenus
713 3187 871 3258 episcopus,
923 3186 1068 3226 numerum
1085 3171 1202 3243 redegit·
1216 3174 1401 3247 eumdssmqiffi
1414 3175 1543 3235 (Mitem
1559 3180 1733 3258 Digeswrum

63 3274 233 3330 Pastoralem
261 3271 362 3328 librum
388 3273 511 3348 Gregorii
543 3274 571 3328 in
601 3275 721 3330 Graecam
751 3274 873 3346 linguam
924 3267 982 3323 sive
1010 3267 1207 3323 Pandectarum
1235 3270 1369 3327 vocabulo
1397 3276 1576 3345 nuncupavit.
1612 3278 1735 3343 Quatuor

63 3363 214 3429 transtulit,
231 3369 260 3417 et
278 3364 461 3420 orientalibus
481 3364 610 3420 Ecclesiis
633 3380 703 3435 opus
715 3362 874 3419 venerabile
924 3358 1006 3414 etiam
1023 3359 1227 3414 institutionum
1244 3360 1339 3425 libros,
1353 3362 1382 3416 iu
1407 3365 1510 3435 quibus
1535 3366 1657 3423 breviter
1670 3371 1736 3424 uni-

63 3450 324 3525 procuravit(75i).
926 3465 1066 3505 versomm
1096 3449 1186 3523 legum
1225 3459 1315 3506 textus
1342 3455 1594 3525 comprehenditur,
1629 3459 1737 3515 noviter

101 3543 163 3599 Gar.
179 3542 267 3598 iiiiii.
284 3543 408 3600 Paterius
424 3544 505 3617 (755),
522 3545 652 3600 Romanae
673 3542 801 3599 Ecclesiae
826 3558 877 3599 no·
927 3541 1064 3612 exposuit.
1080 3541 1168 3596 Novas
1183 3557 1294 3613 quoque
1314 3543 1399 3618 leges,
1421 3561 1488 3617 quas
1504 3548 1563 3619 ipse
1591 3555 1735 3620 statuerat,

64 3632 154 3690 tarius
178 3639 206 3686 et
235 3633 466 3696 secundicerius,
496 3633 631 3707 colligens
657 3632 751 3688 omnia
777 3631 878 3686 divinae
930 3632 957 3686 in
972 3647 1057 3685 unum
1073 3632 1202 3685 volumen
1223 3631 1331 3706 redegit
1346 3634 1420 3704 (757)

63 3721 217 3794 Scriptura
246 3722 403 3777 testimonia
433 3738 482 3794 per
506 3739 567 3794 quae
591 3722 737 3795 Gregorius
762 3721 879 3776 obseura
965 3719 1028 3776 va.
1069 3718 1167 3774 xtvtt.
1195 3719 1286 3775 Sixtus
1321 3722 1468 3794 episcopus
1503 3726 1613 3799 scripsit
1636 3729 1735 3785 librum

64 3828 124 3869 snae
146 3813 330 3885 expositionis
344 3805 520 3881 dilucidavit,
531 3813 678 3870 tresiibros
689 3813 794 3868 edidit:
809 3813 879 3889 duos
929 3812 966 3866 De
981 3811 1038 3866 vita
1050 3810 1171 3865 hominis
1186 3808 1317 3881 perfecta.

64 3901 102 3957 de
118 3901 286 3959 testimoniis
301 3900 407 3956 Veteris
429 3900 618 3970 iustrumenti,
636 3911 663 3957 et
678 3918 762 3956 unum
780 3902 815 3955 de
831 3906 874 3956 te·
964 3900 1029 3955 Gar.
1068 3899 1180 3955 iiLViii.
1212 3901 1290 3956 (isius
1317 3901 1465 3976 episeopus
1489 3906 1599 3980 scripsit
1637 3907 1739 3964 librum

64 3996 206 4053 alimoniis
218 3996 287 4053 Novi
312 3996 490 4063 Testamenti,
515 3996 661 4068 ipsumque
678 3996 801 4052 codicem
822 4012 874 4066 ap·
928 3993 965 4048 De
977 3993 1174 4048 observatione
1187 3993 1336 4049 Dominicaa
1351 3995 1508 4068 disciplinae
1521 3999 1606 4072 (758).

66 4086 182 4160 pellavit
193 4088 303 4143 Librum
315 4087 546 4143 testimoniorum.
964 4085 1025 4140 Car.
1055 4084 1143 4139 iiiiii.
1171 4083 1344 4157 Gregorius,
1378 4086 1547 4144 Turonensis
1579 4091 1740 4163 episcopus,

680 4220 823 4277 trutinari
844 4219 949 4275 ntulit
970 4219 1119 4275 stitutio.

103 4317 262 4392 (attitiae
278 4319 342 4374 isid.
359 4335 383 4375 c.
398 4319 443 4384 27,
460 4328 487 4373 et
503 4317 670 4374 ildefonsum
686 4336 709 4373 c.
726 4321 751 4374 i.
888 4319 1100 4390 Dantioclreno
1126 4332 1158 4371 ac
1176 4322 1312 4384 martyre;
1338 4323 1469 4387 notatque
1492 4317 1565 4373 inter
1583 4319 1637 4374 alia
1656 4320 1742 4379 Baro-

104 4392 179 4463 (tot)
198 4390 226 4446 S.
251 4391 410 4446 tnasmsius
434 4389 548 4446 Sinaita.
567 4390 714 4461 opiscopus
737 4391 880 4445 Antioche·
930 4390 993 4445 nius
1006 4389 1188 4458 Nicephorum
1210 4402 1303 4442 errore
1317 4386 1423 4457 lapsum
1447 4387 1496 4442 lib.
1518 4406 1593 4445 xvrrr.
1609 4406 1667 4461 cap.
1693 4393 1741 4462 at,

67 4477 123 4519 nus
133 4470 161 4518 et
170 4469 282 4533 martyr,
292 4478 364 4517 antro
384 4461 607 4549 quingentesimo
621 4462 881 4534 nonagesimoocla·
932 4463 996 4516 dum
1014 4476 1114 4515 nomen
1128 4458 1240 4513 Sinaitae
1261 4466 1290 4513 at
1309 4458 1515 4514 lucubrationes
1533 4476 1616 4532 supra
1634 4477 1741 4520 memo·

65 4549 102 4591 vo
118 4534 192 4589 diem
204 4533 383 4589 obiitiiictus
398 4533 564 4598 esthinaita,
581 4548 613 4587 eo
641 4535 714 4603 quod
732 4535 883 4589 rivenachus
934 4538 1006 4587 ratas
1020 4530 1165 4602 posteriori
1181 4529 1322 4584 ilirastasio
1344 4528 1467 4584 ascribit.
1486 4529 1617 4587 Gruterum
1637 4533 1664 4587 in
1686 4534 1740 4592 iic-

67 4605 208 4662 vixeritin
219 4614 311 4661 moute
325 4604 554 4675 Sina‚antequam
570 4603 697 4658 Ecclesiae
705 4604 883 4658 Antiochi-nar.
953 4604 1019 4658 istro
1044 4601 1167 4674 Gregorii
1186 4602 1195 4655 i
1213 4617 1290 4672 papan
1317 4600 1411 4670 plures
1424 4607 1531 4658 exstant
1555 4603 1679 4676 epistolae
1706 4609 1741 4664 ad

89 4677 269 4733 raeliceretur.
286 4675 401 4746 Scripsit
417 4683 508 4730 aulem
524 4675 609 4738 varia,
626 4690 660 4728 ex
677 4675 818 4745 quibusin
836 4676 883 4727 iii-
933 4621 1008 4730 hunc
1037 4681 1158 4729 nostrum
1188 4672 1319 4726 Siuuitnnr
1337 4671 1417 4726 datan.
1448 4672 1505 4729 iilia
1530 4676 1654 4748 reperies
1666 4679 1741 4750 apud

67 4693 208 4804 Riiotheca
232 4752 356 4804 vetorum
387 4747 493 4801 Puteum
524 4746 653 4820 leguntur
667 4747 759 4817 tirrrago
781 4745 884 4800 icarum
936 4746 1073 4802 canisium
1096 4751 1161 4798 tom.
1180 4743 1408 4814 lliLect.anriq.

67 4818 334 4901 contemplationum
351 4818 379 4872 in
400 4817 587 4873 iiexaemeron
604 4815 666 4870 iibri
688 4763 805 4881 dungo
821 4816 886 4872 lidei
971 4818 1046 4887 (755)
1066 4815 1202 4869 Paterium
1223 4814 1274 4869 sub
1295 4814 1440 4870 Caelestino
1470 4817 1479 4870 i
1500 4833 1580 4890 papa,
1603 4820 1628 4875 ie
1650 4820 1743 4877 atione

68 4890 248 4965 dogmatibus
270 4889 333 4943 libri
352 4888 486 4960 quinque,
502 4889 655 4960 interprete
671 4888 818 4943 Godelrido
833 4888 887 4942 iil·
938 4888 1060 4944 iunctum
1089 4886 1175 4940 luisse
1200 4885 1235 4940 ad
1255 4885 1398 4953 ilibernos,
1422 4898 1580 4945 constatex
1608 4892 1743 4948 iirscella·

69 4976 190 5026 manno;
211 4960 353 5016 Orationes
367 4960 481 5031 aliquot,
500 4959 738 5029 etilesponsioncs
751 4960 785 5013 ad
799 4958 887 5013 varias
938 4959 999 5014 nois
1018 4957 1129 5012 Gerardi
1151 4957 1250 5025 i'ossii,
1275 4958 1388 5012 tomoV
1416 4959 1593 5018 bibliothecae
1622 4963 1742 5017 i'atrum.

68 5033 248 5107 quaestiones.
269 5031 398 5101 Ejusdem
423 5033 480 5085 ltux
494 5030 546 5086 viae
562 5031 829 5101 coutrahcephnlos,
845 5030 887 5084 in·
938 5030 1006 5084 Vide
1016 5029 1050 5084 ad
1067 5028 1215 5084 lionorium
1227 5047 1263 5094 vv,
1279 5030 1305 5083 a.

71 5104 433 5175 terpreteGretsoro,anuo
451 5100 884 5173 1606ingolstartttesrexeusus.
974 5101 1047 5170 (755)
1075 5099 1203 5154 Venantii
1237 5101 1348 5157 lionorii
1385 5100 1565 5158 clementiani
1592 5103 1745 5172 Fortunati,

68 5174 191 5245 Scripsit
218 5184 246 5229 et
272 5175 420 5230 Sermones
443 5173 543 5239 varios,
563 5189 595 5227 ex
624 5173 724 5244 quibus
739 5173 889 5228 nonnullos
939 5171 1025 5227 italici
1037 5171 1203 5243 presbytcri,
1220 5173 1345 5244 episcopi
1359 5173 1551 5240 Pictarieuais,
1571 5176 1619 5246 qui
1636 5174 1747 5231 childe-

69 5244 193 5302 dchiiles
212 5245 315 5300 Statius
335 5244 428 5300 iatine
445 5243 575 5299 reddidit.
595 5243 668 5298 idem
685 5243 875 5298 AnastasiusS
939 5243 1019 5299 berlo
1052 5259 1116 5316 rege
1139 5241 1216 5308 vixit,
1241 5243 1398 5301 Carminum
1425 5251 1453 5300 et
1474 5244 1653 5315 Epistularum
1683 5246 1746 5303 iibri

69 5316 197 5393 Gregorii
221 5331 299 5387 papae
318 5316 420 5371 librum
441 5314 608 5370 Pastoralem
628 5316 655 5369 in
685 5315 806 5370 Graecam
830 5315 888 5369 lin·
940 5314 1098 5386 quindecim
1124 5313 1241 5370 illustrat
1269 5318 1370 5372 nostris
1401 5314 1496 5379 sacris,
1517 5316 1655 5374 historicis
1680 5333 1748 5392 geo·

107 5404 154 5444 arn
170 5387 314 5443 convertit.
337 5387 421 5452 tinam
441 5385 649 5442 translationem
677 5385 705 5441 in
721 5386 891 5444 bibliotheca
940 5385 1090 5458 graphicis,
1111 5400 1126 5440 a
1145 5384 1250 5442 Christo
1272 5387 1339 5445 horo
1363 5389 1511 5453 Brouvero,
1528 5387 1592 5444 Soc.
1605 5390 1671 5446 iesu
1685 5405 1747 5463 pre·

90 5458 139 5515 'ti
161 5457 265 5514 ttchilia
288 5457 376 5526 Statii,
405 5458 479 5530 apud
504 5457 681 5528 presbyteros
706 5456 820 5513 Oratorii
837 5458 891 5514 lio·
941 5457 1063 5529 sbytero,
1077 5463 1142 5512 sunt
1155 5456 1221 5512 editi
1262 5459 1385 5531 eguntive
1401 5458 1469 5513 1603
1483 5466 1511 5513 et
1527 5459 1604 5518 tulo.

68 5529 159 5598 mani,
174 5528 308 5586 asservmi
326 5534 442 5586 testatur
461 5529 594 5586 baronius
621 5528 650 5582 in
676 5527 750 5584 notis
773 5527 806 5583 ad
822 5528 892 5585 liar·
978 5528 1049 5598 (757)
1065 5527 1132 5583 Vide
1147 5529 1181 5582 ad
1196 5529 1344 5600 isidorum,
1360 5546 1383 5586 c.
1401 5528 1446 5584 ts.

71 5608 83 5659 t
133 5598 239 5673 logium
265 5616 310 5657 xxx
324 5599 434 5672 Aprilis.
455 5598 514 5665 Quo
537 5599 600 5656 loco
619 5604 646 5655 et
661 5598 740 5682 plura
769 5599 892 5682 reperies
978 5598 1051 5669 (758)
1064 5598 1340 5667 IieeoTrithemius.

91 5688 109 5730 e
135 5671 189 5730 isto
204 5678 300 5731 nostro
314 5670 468 5736 inundo,
487 5679 516 5728 et
535 5670 622 5729 altero
638 5670 733 5727 itidem
760 5685 891 5743 episeopo
