3720 6014
141 237 191 296 3ss
740 221 917 279 attitulati
936 220 1193 277 ttuutacssnsls
1753 221 1806 279 312

142 381 215 422 anno
228 365 246 419 9
261 361 318 420 llal.
333 356 448 432 Augusti
461 355 534 410 lacta
548 360 590 410 est
601 353 691 409 leticia
706 367 806 422 magna
833 352 861 406 in
877 350 943 406 uni·
958 353 985 425 Α
998 355 1114 422 copiosas
1127 353 1282 419 referimus,
1293 350 1325 404 de
1337 363 1367 404 eo
1381 349 1450 418 guod
1469 349 1608 404 mulam
1630 355 1658 403 et
1669 363 1718 404 llos
1737 353 1806 420 ipsos

142 456 240 515 uersati
254 451 382 517 ecelesia,
396 449 464 522 qnia
485 446 625 504 discordia
651 461 707 518 que
731 446 804 501 inter
829 460 944 518 regnum
996 450 1026 500 tn
1053 438 1273 496 tribulationibus
1291 443 1317 493 et
1328 437 1556 508 mercationibus
1579 439 1678 493 nostra
1700 453 1806 508 naqua-

141 553 169 602 et
194 540 382 600 sacerdocium
399 553 449 610 per
468 537 567 613 viginti
583 551 672 592 annos
687 533 777 591 luerat
799 534 945 609 exagitata,
997 549 1081 603 quarn
1094 531 1220 595 deseruit,
1236 528 1281 582 sed
1295 541 1378 596 loque
1391 529 1422 581 in
1433 527 1517 591 tinem
1531 527 1676 595 magnifice
1694 530 1770 595 juvit
1781 533 1807 582 et

141 643 169 690 et
183 646 283 705 magno
296 628 428 686 scandalo
447 627 496 683 toti
512 626 615 682 mundo
628 630 697 693 erat,
713 631 825 681 auctore
841 624 896 679 [teo
917 623 946 677 in
997 625 1124 692 (telendit.
1141 626 1275 676 Mancinus
1287 621 1378 687 itaque
1388 618 1556 672 lantonem
1567 623 1686 673 uestram
1699 624 1725 673 et
1743 620 1806 673 llor-

142 725 195 780 hltc
207 720 252 776 die
269 726 312 776 eat
324 715 476 789 pacificata.
491 715 575 786 (tit).
589 713 844 769 Chrisiianuscnim
857 712 948 767 archi-
998 725 1092 772 ittmltr
1105 717 1246 779 (attentius,
1260 713 1390 781 quatinus
1409 710 1514 765 ecclesie
1526 710 1640 765 cimbia
1654 713 1686 764 in
1698 725 1806 780 prospe.

142 814 292 884 episcopus
307 807 491 884 blagulltinus,
508 806 596 878 quiet
618 805 810 871 cancellarius,
832 814 859 859 et
874 803 948 873 opti·
998 811 1125 867 ritntibus
1148 807 1353 877 congaudentes,
1378 808 1407 859 in
1427 805 1562 861 devotione
1586 805 1658 860 beati
1681 809 1755 861 Petri
1782 813 1807 861 et

144 911 231 961 mates
245 902 323 977 regni
346 916 408 956 cunl
429 899 567 970 episcopis
592 897 802 964 convenientes,
823 894 948 951 Frederi·
999 905 1101 964 nostra,
1115 900 1185 951 sieut
1199 897 1328 950 brennus
1353 895 1470 959 tinnitu
1494 896 1658 962 perstitlstl's,
1682 908 1806 962 perscire·

144 1010 207 1052 cum
232 994 424 1063 imporatorum
440 988 474 1043 ad
490 986 622 1043 domnum
638 1002 737 1058 papam
753 984 947 1049 Alexandrum,
999 991 1073 1054 retis,
1084 993 1109 1041 et
1121 1000 1219 1060 rupem,
1233 990 1264 1038 ut
1288 985 1318 1036 in
1332 983 1422 1038 malem
1435 996 1499 1037 aum
1516 995 1598 1050 repeto
1608 996 1657 1036 suo
1669 984 1807 1050 persistat,

145 1082 332 1140 discalciatum
351 1085 379 1134 et
398 1077 481 1152 regiis
496 1075 669 1132 ornamentis
687 1075 832 1142 nudatum,
858 1075 885 1129 in
896 1074 949 1128 Vc·
999 1074 1268 1144 manerepropensl'us
1282 1078 1309 1126 et
1320 1070 1595 1125 indtwerestudeulis.
1611 1070 1684 1124 Data
1706 1073 1810 1126 ventre

145 1170 220 1226 netia
244 1169 273 1224 in
289 1168 349 1224 loco
362 1165 410 1239 qui
433 1165 508 1220 Altus
524 1164 598 1219 rivus
625 1170 811 1235 nuncupatur,
831 1162 951 1218 adduxe·
1000 1169 1029 1219 in
1043 1167 1106 1218 ltiuo
1117 1164 1181 1227 alto,
1197 1161 1215 1216 6
1229 1161 1285 1215 Καὶ.
1301 1161 1421 1229 Augusti
1433 1156 1520 1229 (428).

146 1270 220 1318 runt.
236 1261 300 1332 lpse
314 1274 379 1315 vero
395 1274 457 1314 cnm
468 1264 543 1312 tanta
557 1256 722 1322 humilitate,
738 1255 812 1327 quod
823 1255 848 1310 ci
863 1254 952 1309 luerat
1036 1257 1113 1312 Nono
1133 1254 1188 1308 llal.
1215 1251 1340 1327 Augusti,
1368 1250 1412 1306 die
1435 1249 1586 1318 dominica,
1610 1250 1671 1323 ipso
1686 1251 1732 1307 die
1753 1266 1809 1323 quo

145 1350 291 1417 indictum,
307 1347 442 1419 impiavit,
457 1353 488 1401 ut
502 1344 576 1400 illius
597 1345 723 1401 extitisse
737 1360 809 1417 opus
824 1343 884 1399 sine
899 1343 952 1397 du·
1003 1364 1053 1420 pax
1069 1346 1141 1402 inter
1155 1345 1349 1416 imperatorem
1365 1337 1399 1399 et'
1416 1358 1515 1414 papam
1530 1341 1600 1399 iacta
1612 1349 1664 1411 est,
1679 1341 1811 1398 dedicata

147 1438 281 1495 01111ῑί0110
304 1438 443 1502 credatur,
469 1434 503 1489 00
529 1449 585 1506 000
609 1433 725 1489 1000011
751 1438 800 1489 000
828 1435 897 1502 retii
923 1435 952 1487 01
1003 1435 1394 1502 estllarcianensisecclesia,
1408 1435 1556 1492 inhonore
1575 1440 1811 1507 sauctorumapo·

148 1544 235 1584 mana
248 1529 311 1594 leil
336 1524 758 1593 salamanticencis.
776 1523 849 1577 Sane
870 1536 953 1593 luam
1003 1534 1135 1589 stolorum
1153 1531 1225 1586 ann
1245 1537 1273 1586 el
1286 1528 1373 1597 Pauli,
1389 1544 1405 1584 a
1424 1527 1562 1584 willermo
1576 1527 1707 1584 nemausi
1720 1529 1813 1584 arcla-

148 1623 304 1678 timcratum
320 1618 387 1685 lieo,
403 1633 486 1688 quam
494 1616 672 1673 obedientem
682 1614 798 1671 ecclesie
815 1622 842 1670 et
852 1613 954 1669 domno
1004 1622 1147 1694 episcopo,
1163 1618 1314 1691 apostolice
1328 1616 1403 1672 sadis
1418 1617 1520 1688 legato,
1536 1622 1564 1671 et
1577 1614 1686 1672 duobus
1698 1616 1808 1687 episeo.

148 1727 219 1784 pape
232 1726 262 1766 se
275 1709 411 1767 curaverit
423 1709 565 1776 exhibere,
581 1708 701 1764 lacrimis
712 1706 799 1778 pelles
812 1706 872 1775 ejus
887 1706 954 1761 deo·
968 1690 993 1760 Β
1005 1712 1047 1784 pis
1074 1711 1162 1782 ipsius
1182 1707 1372 1783 suffraganeis,
1393 1706 1538 1762 Frumaldo
1560 1706 1669 1765 scilicet
1695 1708 1811 1763 Atreba-

150 1802 283 1859 scnlando
304 1800 429 1875 ctregiis
443 1798 605 1854 muneribus
620 1796 781 1853 honorando
808 1793 954 1868 magnifiee
1006 1804 1078 1861 lensi
1098 1809 1125 1859 el
1142 1801 1277 1857 henrardo
1304 1798 1483 1857 lovanensi.
1512 1798 1590 1854 nain
1617 1798 1734 1856 nimium
1759 1798 1813 1855 suti

151 1889 358 1947 0001000000·
386 1887 714 1961 50000001010010,111
736 1885 882 1943 festivitate
900 1885 954 1941 001·
1006 1896 1078 1952 sicca
1091 1902 1118 1950 et
1131 1895 1228 1951 calida.
1246 1893 1341 1949 hiensis
1353 1891 1460 1948 triticea
1486 1891 1612 1964 provenit
1626 1891 1741 1948 uberior
1764 1906 1812 1947 so·

151 1982 314 2038 0001011000
328 1979 425 2036 010000
446 1977 563 2050 1100οῑ00
588 1978 653 2049 (³²⁴²-
679 1976 736 2045 ffib
751 1976 872 2033 00111000
885 1990 956 2046 papa
1007 1993 1064 2047 lito.
1085 1991 1148 2045 Post
1167 1986 1249 2043 finem
1275 1985 1380 2042 mensis
1399 1985 1524 2059 Augusti,
1546 1992 1715 2057 autumpnus
1729 1985 1814 2041 nimis

151 2091 215 2130 01110
228 2073 416 2130 001000000οθ
438 2072 496 2127 0000
511 2078 539 2126 00
553 2069 694 2142 0000001110
715 2069 827 2124 0000001
843 2067 956 2123 000001·
1007 2086 1096 2144 extitit
1123 2083 1260 2155 pluvialis.
1287 2081 1432 2138 Vindemia
1456 2081 1540 2137 etiam
1570 2079 1658 2152 ipsius
1683 2081 1821 2152 temporis

151 2161 241 2233 pniter
254 2157 416 2227 celebravit,
431 2168 460 2214 et
473 2158 627 2230 predictum
647 2159 842 2229 imperatorem
866 2156 955 2210 avill-
1008 2178 1101 2235 mum,
1125 2176 1237 2231 ,0100ss
1259 2181 1389 2246 comp„
1416 2178 1466 2229 ρει,
1484 2173 1549 2229 Nam
1563 2172 1681 2245 qumm
1704 2172 1818 2228 manni,

150 2252 414 2309 000000000001000
434 2250 604 2317 005000001ον
633 2263 749 2321 001Ρο10
778 2248 955 2320 0000080000
1008 2267 1063 2323 nali
1077 2265 1179 2322 nebula
1192 2279 1245 2319 uve
1260 2269 1387 2320 contacto
1406 2271 1488 2332 atque
1503 2260 1541 2317 ita
1570 2261 1722 2333 putrefacte
1741 2270 1816 2328 sunt,

151 2344 256 2402 domini
270 2344 358 2401 nostri
381 2344 447 2400 lesu
461 2342 570 2411 Christi,
588 2340 844 2408 hconhrmatione
868 2339 959 2395 nnita-
1009 2363 1039 2413 ug
1051 2357 1144 2412 ,inum
1159 2370 1193 2409 ,x
1207 2353 1250 2408 ej,
1278 2366 1437 2423 ,mmm
1457 2365 1584 2425 magnam
1599 2350 1763 2406 bibempbu,
1777 2356 1818 2405 ,g

150 2437 187 2493 tis
199 2444 227 2492 el
240 2435 317 2509 pacis
335 2435 558 2492 communicavil·
586 2433 652 2490 Tota
670 2434 768 2491 tilitas
799 2432 908 2498 1001101,
933 2437 960 2487 el
1011 2446 1104 2501 tulerit
1118 2441 1384 2499 incommoditatem.
1400 2439 1478 2496 blulti
1494 2439 1577 2495 otiam
1603 2438 1631 2494 in
1652 2439 1704 2494 hac
1725 2447 1819 2494 nostra

152 2528 347 2602 01100100οΝ10
362 2526 526 2582 1000010000
550 2528 701 2596 00001000,
716 2525 860 2582 0011101100
872 2530 959 2580 100οῑ·
1012 2535 1126 2607 regione
1141 2532 1259 2589 diversis
1275 2530 1403 2587 laborant
1417 2528 1549 2597 febribus,
1563 2527 1642 2584 multi
1653 2528 1818 2585 etmorinu-

154 2623 309 2681 Alexander
323 2637 404 2695 papa,
421 2622 455 2677 de
470 2636 538 2692 pace
550 2628 662 2693 recepta
675 2621 746 2677 etde
758 2621 863 2677 honore
877 2636 893 2674 a
905 2619 961 2674 Deo
1012 2634 1064 2683 tur.
1083 2626 1236 2682 ludovicus
1256 2639 1303 2678 rex
1329 2622 1494 2679 Francorum
1514 2629 1542 2677 et
1567 2620 1701 2676 tierricus
1726 2620 1819 2675 senior

153 2715 207 2772 sibi
222 2713 334 2782 collato,
349 2712 487 2788 gaudena,
502 2707 792 2782 epistolnsadomnes
814 2711 962 2782 episcopos
1012 2737 1059 2775 rex
1084 2719 1232 2794 anglorum
1258 2715 1405 2791 magnifice
1436 2715 1649 2772 confederantur
1686 2714 1819 2770 flentibus

154 2806 302 2864 0810011110
327 2804 432 2878 dirigit,
458 2803 634 2860 0000000100
660 2803 760 2859 ”siem
791 2802 960 2871 hujusmOdi·
1012 2825 1105 2866 comes
1127 2808 1286 2871 bracarum,
1309 2822 1373 2861 cum
1399 2806 1492 2861 multis
1517 2804 1622 2860 aliisin
1643 2803 1817 2861 iherusalem

147 2897 278 2971 ,Epistola
292 2895 439 2953 Alexandri
449 2910 534 2968 pape:
561 2896 714 2951 Alexander
738 2899 883 2965 epscopus,
906 2911 963 2950 ser-
1012 2898 1198 2970 prolecturus,
1214 2891 1325 2952 crucem
1341 2895 1453 2965 accipit.
1469 2894 1615 2967 Philippus
1633 2909 1729 2951 comes
1742 2894 1818 2950 Flan-

153 3005 355 3046 clamorum
379 2992 436 3052 lici.
460 2989 656 3045 umerabilibus
678 2989 812 3055 [ratribus
839 2989 963 3044 tt'ttiehno
1012 2984 1306 3043 drieatransmalinis
1330 2983 1505 3056 principibus
1530 2998 1578 3039 seu
1598 2982 1736 3038 militibus
1758 2999 1817 3039 cum

155 3083 279 3137 baulani
304 3082 508 3150 antiepiscopo,
526 3082 689 3150 -apostoticc
717 3082 785 3136 caan
810 3083 906 3149 legato,
937 3087 963 3136 et
1013 3090 1113 3152 magno
1129 3076 1234 3130 honore
1255 3072 1416 3143 suscipitur.
1439 3070 1537 3127 Paucis
1550 3079 1654 3137 autem,
1675 3078 1819 3144 postquam

155 3175 335 3243 supraponere
350 3175 419 3242 ntes,
444 3179 470 3228 α
494 3173 597 3228 dilectis
615 3173 679 3238 fiius
705 3172 846 3228 apparebo,
864 3177 895 3227 m
909 3178 962 3228 aa·
1014 3165 1080 3220 illuc
1092 3169 1217 3231 venerat,
1237 3160 1355 3218 evolutis
1370 3160 1479 3223 diebus,
1495 3159 1568 3215 inter
1586 3159 1678 3230 ipsum
1696 3166 1725 3215 et
1746 3160 1820 3216 'lem-

155 3263 393 3330 nusnsl'prouinel'a
416 3263 579 3329 conutitutis,
602 3262 719 3316 salutem
743 3267 770 3316 et
792 3261 964 3330 apostoticam
1014 3256 1116 3328 plarios
1130 3253 1357 3326 proquibusdam
1370 3253 1449 3327 regni
1465 3251 1657 3327 negociisorta
1669 3250 1819 3315 simultate,

157 3353 375 3410 lambrionem.
387 3356 455 3407 Cura
463 3367 514 3422 per
526 3352 675 3419 auxilium,
688 3355 837 3422 penatium
848 3356 875 3406 et
888 3354 964 3420 tuuc·
1015 3347 1150 3403 Palestina
1178 3345 1297 3413 relicta,
1326 3343 1497 3401 Antiochiam
1527 3343 1624 3415 Syrie,
1650 3359 1666 3398 a
1695 3344 1820 3416 principe

155 3461 214 3502 rem
227 3446 364 3501 larinbni
377 3447 407 3499 in
421 3445 524 3501 Cllrlsta
537 3445 589 3511 Alli
602 3447 688 3501 nostri
703 3445 827 3501 bladovic-i
848 3445 963 3500 illustris
1014 3439 1101 3511 ipsius
1115 3437 1235 3494 ciuitatis
1249 3436 1389 3502 inritatus,
1411 3434 1604 3507 proficiscitur.
1620 3433 1732 3490 Initium
1749 3434 1818 3505 hye-

156 3539 323 3590 ltranccraln
336 3535 406 3602 repis
424 3539 450 3587 et
474 3536 552 3601 rcpni
569 3537 622 3600 sui,
649 3541 819 3590 sacrosancte
846 3537 964 3589 nonnae
1014 3532 1067 3588 mis
1082 3529 1275 3602 frequentibus
1296 3527 1397 3598 pluviis
1419 3534 1446 3584 et
1471 3532 1616 3585 ventorum
1641 3526 1739 3583 llabris
1752 3527 1818 3583 satis

155 3627 262 3682 sedala
275 3640 309 3681 ac
321 3626 402 3680 nabes
411 3639 631 3695 recognoscamus
644 3627 763 3695 atonosa
777 3633 803 3681 ct
815 3627 964 3696 laeanitico
1013 3624 1171 3678 molestum.

155 3718 285 3784 becelino
295 3719 453 3786 nmenivsc,
475 3717 641 3786 depannant
655 3724 680 3773 ct
692 3726 903 3774 wlnentanaulu
917 3734 964 3772 ra·
1050 3714 1181 3782 Princeps
1196 3712 1403 3767 Authiochenns
1419 3718 1446 3766 et
1459 3709 1602 3782 Philippus
1614 3723 1712 3766 comes
1737 3707 1817 3763 Flau-

158 3807 234 3871 tionl',
251 3811 283 3859 at
296 3805 338 3858 itti
351 3811 376 3858 et
390 3806 471 3872 nobb,
487 3820 603 3873 qnorum
620 3807 726 3861 arcadio
736 3813 860 3877 potenter
869 3824 965 3863 sumus
1014 3809 1083 3869 dria,
1097 3812 1265 3880 congregato
1278 3805 1474 3877 undecumque
1494 3804 1617 3860 exercitu
1631 3803 1758 3874 copioso,
1773 3817 1820 3857 ca·

157 3897 188 3948 in
216 3892 417 3948 rnoeutntttus
437 3895 535 3948 nostris
559 3893 658 3963 adjuti,
679 3909 814 3965 prosperos
833 3903 859 3951 et
873 3899 961 3964 felices
1015 3900 1121 3954 atellam
1147 3898 1261 3959 harenc,
1302 3895 1493 3953 christianitati
1530 3894 1722 3967 superioribus
1744 3893 1823 3949 annis

157 3988 219 4055 paci
231 3998 366 4039 successus
379 3985 580 4052 significemus;
608 3986 763 4043 indubitata
790 3993 902 4044 veritate
922 3998 963 4045 ta·
1013 3987 1149 4043 violenter
1162 3994 1297 4058 ereptum,
1313 3985 1388 4041 omui
1399 3999 1433 4040 ex
1442 3991 1519 4056 parte
1533 3983 1673 4040 obsident.
1685 3983 1745 4049 Quo
1757 3997 1824 4036 nun·

158 4084 261 4143 rwnaes,
274 4076 343 4144 qnod
362 4082 421 4146 post
445 4081 529 4131 Deuln
541 4077 611 4132 idem
637 4082 780 4135 rexsirnlll
795 4097 857 4135 cum
883 4097 963 4152 reprm
1012 4081 1062 4136 ciis
1075 4078 1302 4135 intervolantibus
1320 4085 1472 4149 comperto,
1489 4076 1671 4132 Salahadiaus
1687 4075 1817 4148 princeps

157 4183 205 4225 suo
219 4172 372 4237 coopaatus
394 4173 432 4222 est
446 4170 540 4224 honori
556 4174 583 4225 et
606 4170 871 4228 aallltaticnisanate
883 4175 963 4228 eccle·
1016 4171 1150 4238 Damasci,
1174 4177 1275 4242 putans
1303 4169 1377 4225 omni
1410 4169 1529 4224 militnm
1558 4168 1657 4225 solatio
1674 4166 1823 4223 lherosoli-

156 4262 204 4328 sie‚
216 4265 241 4316 ct
251 4261 751 4328 amaamreantntittlnremeatan.
762 4266 835 4328 Quod
844 4266 965 4335 Quaen,
1016 4278 1122 4321 morum
1136 4263 1274 4319 civitatem
1293 4260 1462 4324 destitutam.
1484 4261 1659 4336 congregatis
1673 4259 1822 4317 'lurcorum

157 4351 229 4403 sicat
239 4347 317 4404 vato
329 4350 550 4418 reccplmscilnus,
565 4352 605 4404 ita
616 4365 692 4421 opere
705 4360 732 4407 et
744 4368 867 4410 sermone
890 4359 966 4410 orlani
1017 4375 1066 4415 seu
1084 4358 1297 4414 sarracenorum
1314 4355 1474 4411 admiraldis
1488 4373 1504 4412 a
1523 4356 1666 4422 Damasco,
1683 4354 1820 4412 civilatem

159 4450 283 4514 unapars,
308 4449 417 4500 auctore
432 4449 490 4512 ilco,
505 4460 729 4515 recognoscemus.
746 4453 842 4505 notula
857 4452 893 4504 sit
913 4465 965 4505 au·
978 4416 1194 4511 Dlhernslllem
1210 4454 1293 4518 prout
1315 4447 1438 4518 superbo
1457 4445 1595 4522 cogitabat
1607 4445 1712 4514 animo,
1727 4452 1823 4518 captu-

159 4543 212 4592 teln
225 4537 401 4593 enitamini
425 4544 519 4607 vestre,
545 4541 615 4608 quod
636 4541 795 4596 Aarl'ssimus
810 4543 841 4595 in
865 4544 967 4597 Ctlristo
1018 4557 1073 4604 rus,
1090 4547 1214 4596 ettotam
1229 4539 1372 4595 deleturus
1386 4539 1627 4606 christianitatem,
1642 4538 1825 4609 adiunctase-

159 4630 232 4692 lilius
255 4635 344 4685 noster
356 4631 520 4686 Fredericus.
536 4633 650 4687 dlustris
677 4636 858 4688 homanum
881 4637 970 4705 impe·
1018 4647 1079 4687 cnm
1099 4629 1304 4702 sagittariorum
1324 4639 1352 4684 et
1377 4628 1540 4684 rusticorum
1571 4628 1718 4684 innumera
1736 4627 1824 4694 turba,

160 4722 304 4785 ratanpsr
325 4720 530 4786 lamnationem
548 4722 638 4776 anille
655 4725 742 4790 pratia
760 4723 875 4791 deposito
887 4726 968 4779 uani·
1018 4723 1116 4778 Gazam
1144 4721 1281 4793 pervenit.
1308 4720 1374 4776 Exin
1398 4719 1639 4776 iherosolimorum
1668 4720 1722 4776 iter
1756 4719 1826 4775 arri-

84 4861 88 4868 ,
162 4808 226 4860 tatl's
237 4821 336 4873 errore,
355 4809 390 4862 ad
403 4812 477 4865 onan
490 4815 611 4868 ueritatis
625 4827 776 4880 conamus,
797 4814 832 4868 ad
845 4813 968 4869 obedian-
1023 4817 1112 4888 piens,
1128 4829 1219 4885 regem
1237 4813 1324 4884 ipsius
1344 4814 1473 4878 civitatis.
1487 4819 1515 4870 et
1528 4812 1701 4885 templarios
1726 4812 1827 4868 milites

163 4904 230 4952 tuna
241 4898 349 4953 cccloeio
359 4905 387 4954 et
396 4906 519 4956 nostram
530 4910 716 4960 reverentem
727 4906 826 4972 deuote
837 4909 909 4961 sicut
923 4908 971 4963 ale·
1023 4921 1085 4961 cum
1107 4920 1189 4961 cruce
1204 4903 1353 4972 dominica,
1368 4919 1508 4976 parvoque
1521 4911 1642 4960 armatos
1656 4903 1756 4972 milite,
1778 4902 1828 4958 sed

161 4989 229 5055 cuit,
240 4987 329 5054 rediit,
344 4992 372 5041 et
389 4988 466 5042 illam
478 4990 553 5046 beata
567 4996 643 5049 Petra
658 4997 688 5048 in
702 4994 777 5050 nobis
790 5000 971 5064 renuentibus
1023 4995 1078 5052 lide
1093 4994 1192 5051 Christi
1206 4994 1353 5060 animatos,
1379 4993 1477 5050 obvios
1490 4992 1608 5063 excepit.
1636 4992 1654 5047 A
1670 4992 1774 5065 quibus
1787 4993 1827 5047 vi·

162 5086 189 5135 et
200 5081 361 5136 devotionem
373 5079 504 5147 candart,
519 5098 602 5151 quam
615 5091 791 5142 antecessores
805 5091 863 5158 ejus
873 5092 969 5145 nostris
1020 5094 1090 5154 ctus,
1115 5084 1248 5142 eoniusns
1272 5094 1301 5141 at
1325 5084 1494 5153 contutatus,
1517 5084 1648 5141 omnibns
1674 5100 1747 5156 pene
1770 5085 1828 5141 suis

162 5177 357 5228 musueverant
368 5175 578 5229 antecessoribus
601 5178 733 5244 extulere,
748 5183 814 5233 etse
830 5179 863 5233 de
885 5186 970 5236 cetero
1019 5175 1111 5250 gladio
1137 5190 1188 5230 seu
1203 5173 1328 5240 flumine,
1355 5175 1401 5246 qui
1429 5174 1616 5240 interfluebat,
1643 5177 1827 5248 consumptis,

162 5261 348 5317 cohibiturum
364 5262 500 5330 promisit.
514 5260 664 5333 Superque
680 5267 969 5334 utiquetaudesAltl's-
1020 5273 1092 5322 totns
1106 5264 1276 5338 sanguineus
1289 5279 1401 5321 suorum
1417 5265 1536 5321 militum
1552 5265 1631 5328 cede,
1648 5264 1676 5320 in
1696 5266 1828 5322 Damasco

162 5350 228 5405 siano
242 5355 358 5421 opilata,
374 5358 401 5407 et
425 5359 615 5421 mmeqllenter
639 5358 697 5422 rapi
709 5362 735 5410 et
760 5371 841 5426 regno
866 5361 969 5426 pretias
1020 5357 1174 5430 sanguinea
1194 5356 1358 5432 regreditur.
1376 5357 1471 5413 Actum
1485 5364 1527 5414 est
1547 5357 1601 5412 hoc
1627 5373 1643 5413 a
1669 5357 1831 5414 christianis

943 5479 1046 5535 NOTAE.

198 5561 270 5655 llil)
289 5570 328 5626 Cl.
345 5571 415 5653 hlon..
433 5571 707 5652 [ης-,1015181111
994 5579 1075 5633 etiam
1092 5580 1118 5633 in
1135 5580 1230 5635 codice
1251 5595 1275 5634 s.
1296 5595 1333 5634 xll
1358 5577 1570 5644 hlarcllianensi,
1585 5579 1642 5650 jam
1671 5578 1745 5635 inter
1760 5578 1828 5632 Dua·

199 5639 270 5709 428)
291 5643 352 5698 llaec
366 5644 483 5715 eplstola
502 5643 600 5700 nsdeln
617 5659 729 5716 prorsus
740 5647 831 5702 verbis
843 5649 943 5723 legitur
998 5665 1096 5705 censes
1119 5668 1144 5705 ll.
1162 5649 1225 5706 302.
