3720 6014
48 230 118 287 tttt
627 217 796 277 uiuacitas
814 213 928 273 SANCTl
949 217 1131 280 aunuotctt.
1640 243 1710 300 1218

50 365 174 435 eiusdem
203 359 323 417 coenobii
343 370 431 429 usque
452 354 486 410 ad
502 369 627 410 auroram
655 350 854 425 circumeundo
865 351 986 423 Astitus
1001 358 1176 428 necessaria;
1198 365 1378 434 nequeenim
1398 367 1434 424 de
1453 384 1564 426 suorum
1577 374 1710 434 reforma-

49 454 160 511 litanias
179 450 288 525 agebat,
303 446 441 520 protensis
456 444 483 498 in
506 444 606 500 coelum
633 442 771 508 manibus,
798 456 857 497 cre·
906 443 1138 515 tioneluminum,
1155 452 1190 507 de
1204 456 1325 527 quaJam
1338 457 1544 529 desperaverat,
1557 466 1709 524 orationem

48 547 125 603 brius
143 547 237 614 lipsio,
251 543 348 598 eleison
363 538 525 594 inclamans.
543 536 652 591 interea
676 534 748 607 ignis
765 532 857 605 paula·
906 534 1022 592 tundere
1037 543 1231 610 praesumebat.
1250 547 1304 602 Sed
1319 549 1382 620 pius
1395 550 1485 616 Pater,
1500 554 1546 626 qui
1562 562 1710 630 utrumque

50 637 97 692 tim
108 651 173 691 suas
184 635 212 688 in
227 631 317 701 majus
332 626 536 701 augmentando
551 625 635 694 vires,
651 623 774 695 depastis
787 621 856 677 aedi-
906 621 998 697 largiri
1008 634 1125 697 poterat,
1142 634 1215 704 quod
1231 637 1323 706 potins
1336 644 1552 712 erateonoessit,
1569 649 1710 718 quoniam,

49 728 112 795 bus,
127 742 197 800 quas
211 741 226 778 a
242 729 318 794 parte
333 718 531 792 septentrionis
545 723 623 773 extra
636 715 726 772 villam
743 710 856 784 depasci
906 710 1058 771 luminibus
1078 720 1221 791 restitutis,
1239 722 1346 781 facilius
1361 727 1422 798 ipsa
1441 729 1495 784 sibi
1507 747 1653 801 procurare
1663 753 1708 792 va·

50 819 139 891 primo
164 823 295 887 eoepcrat,
315 811 428 867 flatibus
448 809 587 882 aquilonis
605 807 652 881 qui
676 807 856 863 vehementer
906 800 976 858 leret
995 813 1101 865 catera.
1127 810 1163 865 Ex
1192 812 1332 885 insperato
1356 817 1440 892 igitur
1466 823 1576 892 repulsa
1591 826 1713 884 caecitate

49 907 134 962 flabat
167 902 312 975 impulsus,
342 899 487 956 ecclesiam
520 897 613 952 Sancti
639 895 761 967 Dionysii
787 893 855 965 (28),
906 894 1643 979 coepitlumencoeliclareconspicere,necmodiee
1663 935 1713 992 ga.

49 1015 111 1070 quae
135 996 192 1052 iere
214 995 242 1049 in
262 992 354 1048 medio
374 989 463 1062 ipsius
476 987 549 1043 villae
564 987 617 1042 sita
642 992 711 1054 erat,
731 983 856 1055 corripit.
907 983 975 1053 visa,
997 986 1084 1043 Patris
1101 992 1267 1048 sanctissimi
1283 998 1381 1053 merita
1398 999 1460 1054 totis
1479 1000 1611 1060 efferebat
1628 1008 1713 1063 animi

51 1091 195 1145 b'nimvero
210 1085 309 1142 exinde
325 1082 403 1155 quasi
416 1098 449 1137 ex
466 1078 642 1135 eminentiori
657 1079 729 1144 loco,
743 1076 857 1132 liberio·
907 1079 1123 1152 praeconiis,per
1133 1099 1215 1155 quem
1233 1087 1293 1157 ejus
1309 1089 1412 1146 lumina
1426 1105 1589 1164 receperant
1599 1115 1714 1155 munera

50 1180 126 1234 ribus
147 1175 264 1232 saltibus
278 1171 423 1236 admissus,
449 1170 664 1239 circumquaque
684 1164 856 1249 diffunditur,
908 1162 984 1220 lueis
1003 1166 1149 1226 Referebat
1168 1182 1261 1229 autem
1277 1180 1422 1249 quemdam
1436 1181 1490 1236 sibi
1512 1186 1644 1258 astitisse,
1664 1189 1712 1261 qui

50 1273 89 1328 ita
104 1278 134 1326 ut
149 1268 232 1324 etiam
249 1262 407 1331 torcularia,
419 1278 481 1335 quae
496 1260 524 1316 in
534 1259 635 1316 vinetis
649 1265 760 1315 centum
772 1256 857 1312 lorme
907 1258 1019 1310 tenuem
1039 1274 1101 1328 quae
1114 1261 1175 1331 ejus
1188 1263 1308 1334 pupillas
1323 1276 1437 1336 texerat,
1458 1272 1616 1341 pelliculam
1635 1284 1714 1334 acuta

51 1365 178 1438 passibus
198 1360 308 1436 longius
340 1358 464 1425 aberant,
493 1355 675 1412 combureret.
697 1353 759 1407 Erat
790 1366 855 1406 vero
908 1343 1653 1431 incidebatnovacula,quantiqueincisa,confestim
1671 1370 1712 1427 lu-

50 1465 143 1514 tantus
163 1456 223 1524 ejus
247 1451 370 1523 crepitus
392 1457 422 1504 nt
437 1463 534 1504 omnes
550 1445 696 1502 audientes
711 1444 794 1500 corde
809 1459 859 1514 pa·
909 1453 973 1493 men
987 1441 1147 1513 recipiebat.

51 1555 158 1615 vorent,
176 1547 218 1602 vix
234 1552 306 1601 stare
331 1542 467 1604 valentes,
492 1538 634 1611 quatiente
650 1553 744 1593 eorum
769 1551 859 1607 genua
909 1535 914 1543 '
946 1532 1007 1588 Car.
1033 1534 1120 1589 lllilll.
1151 1569 1185 1579 -
1214 1546 1394 1600 Demetriacus
1427 1547 1567 1608 liberatus.
1598 1551 1713 1616 Quidam

52 1622 861 1699 tremorenimioTuncdeniqueomnesingensarripuit
909 1625 1008 1679 mediae
1031 1628 1228 1699 aetatislromo,
1256 1651 1388 1705 pervasus
1412 1639 1447 1692 ab
1474 1641 1586 1697 humani
1605 1646 1716 1716 generis

52 1723 134 1778 timor
162 1720 270 1788 iratres,
302 1723 448 1775 cernentes
480 1716 617 1772 carbones
642 1714 737 1788 ignitis
763 1676 1079 1784 mistosssadversario,
1104 1718 1184 1791 inops
1210 1725 1311 1779 mentis
1330 1725 1418 1783 lactus
1446 1731 1604 1800 perdiderat
1632 1736 1716 1790 tortus

51 1814 180 1869 scintillis
195 1829 279 1884 super
298 1808 508 1876 monasterium,
526 1808 599 1879 quod
615 1806 718 1878 stipula
732 1814 859 1876 opertum
909 1804 1037 1860 acumina
1049 1822 1156 1864 sensus.
1178 1809 1227 1866 llic
1237 1827 1252 1866 a
1264 1814 1396 1883 proximis
1411 1816 1463 1871 sibi
1475 1821 1611 1893 sanguino
1621 1824 1718 1879 arctis·

50 1914 119 1971 erat,
142 1905 253 1970 cadere,
269 1907 426 1957 metuentes
439 1915 474 1954 ne
487 1899 538 1954 sub
559 1913 615 1954 uno
630 1905 770 1953 momento
786 1912 859 1952 cun·
909 1893 988 1951 simis
1006 1898 1135 1955 astrictus
1161 1900 1235 1965 loris,
1261 1904 1296 1959 ad
1325 1907 1535 1964 celeberrimum
1557 1912 1643 1969 Patris
1663 1915 1716 1970 nd·

48 2009 91 2057 cta
105 2015 201 2055 eornm
214 1997 372 2053 habitacula
386 2010 419 2050 eo
441 1994 504 2068 igne
525 2001 764 2049 consumerentur.
781 1992 858 2047 ldem
910 1989 1010 2048 ductus
1031 1996 1178 2064 tumulum,
1204 1999 1277 2054 diem
1299 2001 1336 2055 ibi
1357 2005 1491 2078 transegit
1507 2004 1656 2081 integrum,
1669 2012 1719 2065 ad·

51 2092 172 2164 denique
188 2088 395 2151 monasterium,
417 2087 491 2158 quod
517 2085 645 2158 superius
660 2084 783 2140 innovari
804 2100 861 2140 ooe-
910 2091 1025 2139 nectens
1039 2085 1133 2142 dioiet
1153 2095 1262 2145 noctem
1278 2093 1447 2167 contiguam.
1468 2096 1553 2161 Quam
1573 2099 1639 2154 dum
1654 2101 1719 2176 vigil

52 2193 129 2258 ptum
153 2184 281 2245 diximus,
298 2182 429 2255 quoniam
445 2181 535 2236 adbuc
558 2180 749 2251 imperleetum
766 2195 861 2235 mane·
912 2185 1111 2246 pernoctasset,
1129 2179 1308 2238 illucescente
1329 2186 1472 2257 sequentis
1487 2188 1541 2243 dici
1556 2193 1719 2262 crepusculo

52 2281 109 2347 bat,
134 2278 236 2350 stipula
261 2277 415 2349 tegebatur.
432 2274 553 2330 'landem
580 2289 646 2347 ergo
663 2272 786 2345 placatus
801 2272 861 2327 Sal·
913 2269 1018 2325 nullum
1044 2271 1170 2328 sanitatis
1196 2276 1324 2346 expetitae
1355 2277 1487 2334 indicium
1515 2283 1666 2353 apparebat
1690 2285 1719 2340 in

52 2379 141 2435 vator,
166 2378 196 2426 ut
210 2369 360 2436 credimus,
375 2383 432 2422 suae
452 2365 580 2440 gloriosse
595 2364 703 2421 meritis
716 2364 862 2420 Genitrieis
912 2359 970 2427 illo,
988 2368 1134 2433 torquente
1147 2365 1194 2436 qni
1211 2382 1274 2422 eum
1291 2378 1459 2440 pervaserat,
1474 2373 1645 2431 incessanter
1660 2377 1720 2432 dae-

54 2466 198 2537 Patrisque
213 2462 368 2528 Benedicti,
391 2477 511 2517 necnon
531 2476 617 2532 supra
636 2458 780 2515 memorati
797 2457 861 2513 reli·
911 2467 1003 2508 mono.
1016 2455 1146 2528 {lienique
1160 2458 1276 2514 terribili
1292 2478 1473 2535 quoscunque
1488 2467 1719 2539 appropinqufln.

53 2558 123 2634 giesi
148 2556 199 2614 viri
218 2555 356 2627 precibus,
381 2552 488 2609 induxit
513 2551 627 2607 alricum
654 2552 860 2617 vehementem,
912 2546 954 2603 tes
965 2548 1017 2603 sibi
1030 2559 1142 2621 aspectu
1154 2552 1277 2621 intuens,
1291 2556 1313 2610 si
1330 2559 1496 2627 permissum
1512 2560 1620 2630 suisset,
1634 2563 1717 2619 etiam

55 2646 150 2720 quiex
165 2644 278 2715 obliquo
293 2642 375 2710 ilaus,
391 2638 755 2713 aquilonemamonasterii
771 2638 860 2693 ambi·
910 2641 1041 2698 dentibus
1072 2647 1275 2703 more'canino
1312 2649 1473 2717 lacerasset,
1505 2653 1647 2722 trendens,
1681 2664 1720 2725 et,

56 2743 85 2790 tu
99 2732 210 2804 ponitus
224 2731 382 2787 excluderet
397 2739 424 2784 et
443 2745 559 2801 vapores
577 2728 709 2792 incendii,
728 2743 798 2801 quos
813 2725 860 2782 ille
911 2744 1045 2810 quantum
1062 2739 1173 2808 pigebat,
1196 2743 1326 2813 impetun,
1356 2745 1383 2800 ,n
1398 2762 1446 2802 003
1467 2746 1583 2804 faciens·
1607 2749 1673 2814 scd⁹
1690 2757 1721 2806 u,

56 2823 115 2879 suis
131 2821 290 2893 impellebat
304 2819 422 2885 flatibus,
443 2819 478 2874 ab
503 2834 536 2874 ⁰⁰
558 2817 728 2875 ⁰¹¹¹¹¹l¹¹¹0dis
743 2823 860 2873 ascelti·
911 2826 1040 2892 diximus,
1058 2828 1126 2884 diris
1140 2829 1241 2902 ligatus
1266 2832 1394 2901 vinculis,
1415 2852 1590 2909 nequaquam
1608 2839 1722 2895 sibimet

56 2916 141 2981 Quam
165 2912 368 2968 ml³0l³¹l⁰¹¹⁰m
385 2909 587 2982 omnipotentis
605 2916 760 2976 ⁰es¹¹0¹¹1052
786 2915 861 2964 selu·
914 2919 956 2974 vel
980 2919 1062 2975 alicui
1090 2923 1265 2995 appropianti
1295 2925 1398 2997 aliquid
1429 2927 1531 2983 inlerre
1556 2931 1723 3000 pirmvaleliat

56 3013 137 3069 limus
157 3027 206 3084 pro
225 3026 306 3082 posse
319 3009 379 3079 cius
395 3007 700 3064 inrmeuseclemeutia
714 3007 863 3081 gratiarum
915 3012 1018 3067 damni.
1036 3013 1139 3069 Edeba
1153 3030 1218 3072 vero
1230 3031 1371 3073 oresonos
1391 3019 1535 3076 tiorrttieos
1547 3029 1574 3077 et
1593 3022 1722 3078 incondi-

56 3105 189 3170 actiones,
205 3102 252 3174 qni
268 3117 319 3158 nos
334 3118 349 3156 a
363 3108 417 3157 tam
442 3100 555 3156 immani
574 3099 715 3170 eripuerat
728 3099 864 3171 periculo.
917 3108 969 3170 tos,
993 3101 1111 3174 loquens
1134 3104 1216 3160 etiam
1239 3106 1359 3162 ueianda
1387 3114 1415 3163 ot
1434 3111 1603 3166 exsecranda
1626 3111 1721 3168 verba.

57 3192 182 3264 benique
205 3192 295 3247 donec
320 3206 401 3246 omne
426 3190 492 3245 illud
528 3189 687 3245 incendium
717 3189 865 3259 sopiretur,
917 3191 1050 3256 Quoniam
1066 3200 1156 3248 antem
1177 3194 1250 3250 idom
1265 3213 1470 3271 energumenus
1489 3216 1538 3270 pro
1552 3201 1642 3256 salste
1661 3217 1722 3268 sua,
1804 3254 1807 3263 ,

59 3296 114 3337 non
138 3279 255 3336 cessavit
274 3279 346 3334 idem
371 3277 553 3334 ventusllare
576 3276 780 3332 vehementius.
804 3276 867 3332 Per·
917 3283 960 3337 sui
990 3283 1078 3354 ipsius
1098 3284 1198 3356 impos.
1228 3287 1386 3344 nullatenus
1411 3291 1576 3346 meminerat
1596 3306 1721 3359 exorare,

59 3373 168 3430 duravit
192 3379 284 3428 autern
308 3371 381 3426 idom
398 3370 557 3427 incendium
578 3369 786 3438 debacchando,
803 3384 868 3441 pes·
918 3371 1078 3426 nonsolum
1106 3372 1153 3444 qui
1173 3373 1250 3428 illum
1275 3376 1457 3444 adduxerant,
1486 3378 1535 3433 sed
1565 3379 1724 3452 quicunque

59 3465 192 3521 semdans
212 3463 425 3520 Floriacensium
446 3462 530 3531 aedes,
546 3478 609 3517 cum
625 3461 667 3516 bis
682 3477 743 3534 quae
758 3461 786 3516 in
800 3461 868 3532 ipsis
918 3461 1063 3517 eeclesiam
1082 3463 1111 3518 in
1125 3481 1180 3536 qua
1202 3473 1270 3534 erat,
1293 3467 1443 3536 intrabant,
1467 3485 1517 3541 pro
1542 3485 1575 3526 eo
1591 3470 1723 3542 omnipo·

61 3561 164 3632 reperit
183 3558 322 3615 alimentis
345 3565 372 3614 et
399 3557 522 3613 vestibus
546 3563 574 3613 et
593 3557 668 3612 varia
691 3556 867 3628 supellectili,
918 3555 987 3609 tenti
1006 3556 1134 3617 bomine.
1148 3564 1178 3612 ut
1197 3568 1358 3631 competens
1373 3559 1472 3630 lucrat,
1492 3562 1646 3619 orationem
1661 3561 1724 3617 lun·

61 3654 95 3709 ab
112 3654 179 3710 bora
195 3652 285 3709 noctis
300 3651 380 3707 tortia
405 3666 492 3723 usque
508 3649 626 3721 primam
655 3647 798 3721 sequentis
813 3647 869 3704 diei
920 3643 1032 3699 debant.
1050 3645 1108 3708 Quo
1132 3645 1233 3701 lactrrm
1252 3657 1295 3703 est
1319 3654 1348 3704 ut
1363 3650 1503 3706 mediante
1517 3652 1584 3708 bora
1611 3652 1666 3707 diei
1681 3668 1726 3708 se-

63 3744 158 3800 boram
178 3743 329 3798 devastans
344 3740 437 3798 omnia
457 3756 473 3795 a
490 3745 568 3810 porta
587 3738 794 3809 septentrionali
808 3754 871 3793 vor·
920 3735 1021 3802 cunda,
1042 3735 1202 3792 terribiliter
1216 3737 1383 3807 exclamans,
1399 3746 1530 3813 tanquam
1555 3741 1647 3799 valido
1666 3758 1728 3815 per·

63 3855 110 3894 sus
123 3839 259 3894 orientem
275 3852 363 3908 usque
378 3836 406 3891 in
421 3841 527 3906 portam
541 3833 702 3899 australem,
717 3833 814 3904 paucis
829 3849 873 3889 re·
922 3843 1020 3884 cussus
1035 3829 1100 3898 ictu,
1115 3829 1143 3884 in
1159 3837 1259 3886 terram
1280 3841 1420 3888 corrueret
1436 3834 1593 3905 resupinus.
1618 3835 1729 3890 Extem-

66 3929 154 3984 stduts
180 3927 309 3984 dominus
334 3927 369 3982 ad
394 3926 461 3982 sotis
482 3934 584 3994 ortum,
604 3941 666 3997 quo
685 3931 761 3981 extra
779 3923 871 3980 vittam
925 3916 971 3988 pto
986 3918 1078 3991 itaque
1092 3920 1231 3977 daemonio
1243 3929 1375 3997 purgatus
1384 3923 1511 3994 expulso,
1525 3939 1641 3996 eonrpos
1649 3940 1731 3979 men-

66 4023 155 4072 orant.
925 4006 973 4076 tis,
993 4007 1081 4065 iactus
1095 4009 1314 4082 omnipotentem
1331 4012 1489 4087 magnificat
1507 4013 1664 4080 Dominum,
1683 4012 1731 4084 qui

103 4106 165 4162 Can.
199 4105 313 4161 lllllllll.
337 4135 372 4145 -
401 4106 475 4163 Goecu
501 4106 589 4160 lumea
615 4106 720 4174 recipit.
746 4103 874 4168 Quaedam
925 4098 1382 4172 seapessimoliostecaptivatum
1400 4101 1654 4174 perbeatissimum
1677 4103 1731 4158 Pa·

68 4198 236 4272 paupercula
251 4212 330 4266 anus,
343 4197 378 4251 ab
393 4196 495 4271 ignotis
510 4196 590 4253 nobis
601 4193 703 4252 finibus
718 4195 874 4269 egrediens,
925 4196 995 4246 trem
1010 4191 1167 4248 reddiderat
1180 4192 1307 4250 liberum.
1336 4193 1495 4251 Confectum
1509 4194 1606 4250 iratres
1620 4197 1668 4267 qui
1681 4194 1734 4250 ad·

69 4291 222 4348 Floriaeum
247 4290 362 4346 lortuito
378 4304 443 4344 casu
458 4289 580 4344 ostiatim
599 4289 702 4346 victum
722 4290 874 4361 quaeritan-
926 4291 1006 4340 erant
1020 4285 1048 4339 in
1071 4286 1132 4357 ejus
1150 4286 1328 4356 liberatione,
1345 4289 1453 4345 catoris
1476 4289 1503 4343 in
1519 4290 1642 4361 capitulo
1663 4290 1732 4346 resi·

70 4380 106 4436 do
119 4379 244 4454 contigit.
272 4379 334 4434 llaec
346 4378 393 4433 diu
415 4378 443 4432 in
459 4377 581 4434 caecitate
604 4378 757 4448 perdurans
782 4374 876 4431 lundi-
927 4374 1068 4444 dentibus,
1096 4376 1222 4432 nuntiare
1239 4386 1422 4449 properarunt
1441 4379 1599 4448 huiusmodi
1615 4379 1733 4436 miracu·

69 4482 113 4530 tus
139 4488 217 4544 spem
235 4470 418 4542 recuperandi
443 4469 573 4525 amiserat
596 4469 682 4524 visus.
708 4468 773 4533 Quae
789 4482 876 4522 manu
928 4469 983 4524 lum
1013 4486 1063 4540 per
1095 4472 1282 4527 venerabilem
1309 4471 1416 4528 Patrem
1445 4479 1590 4545 patratum.
1607 4473 1735 4540 Quimox

69 4565 180 4621 sinistra
193 4563 310 4635 puerulo
324 4563 397 4630 data,
418 4562 472 4618 iter
491 4560 633 4632 carpebat,
650 4562 764 4617 dextera
786 4560 874 4617 bacu-
888 4519 918 4589 D
929 4558 1160 4636 indesurgentes,
1187 4560 1306 4635 ingressi
1325 4562 1473 4618 oratorium
1494 4562 1656 4618 hilarianam
1681 4562 1736 4635 [ju-

71 4659 126 4714 lum
143 4657 232 4733 gratia
245 4655 457 4712 sustentationis
468 4660 591 4728 gestans.
609 4655 736 4726 Ingressa
750 4668 816 4727 ergo
830 4652 878 4708 Dei
929 4650 1058 4721 cundem]
1080 4648 1272 4721 psalmodiam,
1290 4666 1371 4723 quam
1387 4651 1486 4708 diebos
1501 4651 1607 4709 festivis
1620 4652 1649 4708 in
1674 4667 1736 4709 om·

72 4749 218 4806 Genitrieis
235 4747 336 4816 aulam,
358 4762 432 4819 pono
453 4746 602 4822 imaginem
628 4744 713 4801 nostri
731 4744 880 4800 salvatoris
930 4741 1082 4814 nipotontis
1100 4741 1230 4798 laudibus
1244 4742 1352 4800 Domini
1374 4744 1521 4801 decantare
1534 4745 1657 4801 solemus
1669 4759 1736 4801 voce

73 4847 188 4913 argento
208 4837 332 4892 radiante
347 4835 485 4901 vestitam,
504 4849 646 4906 aureoque
660 4834 775 4906 pulchre
790 4832 880 4889 nitore
930 4834 1050 4902 celsiori,
1074 4834 1204 4891 videlieet
1231 4837 1363 4892 Tuticum
1387 4837 1542 4906 budemns,
1563 4844 1622 4894 tota
1636 4836 1738 4895 mentis

73 4930 286 4997 interstinctam,
300 4928 347 4984 ubi
363 4944 396 4984 eo
418 4934 543 4999 tempore
562 4925 714 4983 beatissimi
731 4925 818 4981 Patris
833 4941 879 4981 ve·
931 4923 1078 4981 devotione
1094 4925 1255 4993 concinunt,
1283 4925 1391 4981 Patrem
1407 4941 1519 4999 quoquo
1538 4926 1736 5003 gratulabundi

74 5020 198 5075 neranda
226 5017 408 5091 quiescebant
430 5016 565 5083 membra,
584 5031 667 5071 causa
694 5013 882 5071 innovationis
931 5013 1141 5088 magnificantes
1159 5014 1350 5071 benedictum.
1375 5016 1459 5073 Porro
1479 5016 1526 5089 qui
1540 5024 1653 5073 sanatus
1677 5015 1737 5072 lue·

75 5115 200 5188 ejusdem
227 5114 296 5170 aulae
323 5113 465 5178 translata,
488 5111 598 5167 anicula
617 5110 664 5166 illa
678 5111 743 5166 dum
767 5111 882 5166 ductore
932 5115 973 5164 rat
987 5105 1134 5175 referebat,
1148 5122 1181 5162 ea
1197 5107 1265 5162 hora
1281 5123 1335 5177 qua
1355 5107 1479 5164 daemone
1496 5107 1589 5182 iegato
1606 5107 1738 5164 liberatus

75 5209 206 5265 ductante
220 5207 324 5263 ibidem
340 5206 496 5273 restitisset,
507 5219 615 5261 memor
627 5205 746 5277 propriae
757 5221 879 5277 pauper·
929 5206 981 5268 est,
995 5213 1024 5254 se
1037 5195 1183 5269 quomdam
1197 5194 1341 5266 conspicui
1355 5196 1445 5251 vultus
1455 5196 1545 5252 virum
1556 5197 1671 5266 vidisse,
1688 5196 1737 5270 qui

76 5298 149 5367 tatis,
170 5297 300 5354 exorabat
318 5296 422 5352 Patrem
440 5301 577 5361 sanetum,
597 5300 627 5349 ut
645 5293 707 5362 ejus
721 5291 881 5367 suffragare·
931 5291 1073 5367 ingressus
1095 5304 1144 5359 por
1157 5286 1320 5344 orientalem
1350 5287 1438 5359 ipsius
1458 5288 1582 5346 basilicae
1601 5289 1736 5352 absidem,

78 5399 121 5445 tur
136 5389 247 5460 inopiae,
266 5384 470 5460 suppeditando
483 5385 612 5442 videlicet
625 5384 677 5439 sibi
693 5384 780 5440 victus
793 5392 821 5440 et
831 5400 881 5441 vc·
931 5380 1058 5436 baculum
1078 5377 1199 5448 aeapiito
1214 5377 1358 5433 incurvum
1374 5394 1458 5435 manu
1481 5395 1592 5455 gerens,
1612 5394 1673 5436 cum
1691 5394 1738 5434 us-

113 5548 170 5620 (28)
181 5551 218 5605 lle
239 5551 290 5604 trac
307 5548 425 5604 ecclesia
438 5547 498 5622 lege
510 5546 610 5602 librum
634 5543 669 5600 de
681 5546 741 5601 Vita
754 5543 879 5601 Rotberti
929 5543 990 5598 haec
1001 5554 1057 5596 non
1072 5535 1306 5620 ampliusuexstat,
1322 5536 1414 5594 forsan
1427 5553 1444 5593 a
1459 5543 1585 5610 tempore
1606 5537 1739 5610 posterio-

79 5621 154 5695 regis
168 5627 279 5678 auctore
295 5619 427 5693 tietgaldo
444 5618 595 5683 monacho,
608 5616 656 5689 qui
670 5633 732 5673 eam
744 5615 834 5689 primo
849 5614 882 5671 li·
930 5613 969 5670 ris
984 5611 1067 5682 hujus
1081 5606 1214 5665 incendii.

78 5708 192 5769 gneum,
205 5698 232 5750 et
251 5696 313 5765 post
335 5690 495 5748 incendium
511 5688 649 5763 lapideam
663 5687 738 5746 iecit.
760 5686 881 5747 Ecclesia
