3720 6014
72 202 124 258 661
588 199 680 255 GEST.
702 199 775 255 ABR.
798 197 917 254 deaut.
938 197 1066 255 coarto.
1089 198 1248 257 GODESCH.
1688 213 1741 271 6η

76 316 135 374 bitu
148 316 280 385 clericali,
297 317 325 372 in
340 318 428 374 tirum
444 319 591 376 honestum
611 325 638 376 et
657 320 817 395 religiosum
837 337 885 379 ex·
895 322 1044 395 Amalena
1077 324 1105 379 in
1146 331 1296 396 conspeetu
1324 326 1372 383 Dei
1407 329 1519 389 humilis
1554 351 1635 407 quam
1669 355 1742 411 prae-

77 410 175 476 erevit,
191 415 217 465 et
235 411 325 482 quoad
346 410 424 479 visit,
438 412 514 468 utilis
534 418 562 469 ct
582 412 674 470 fidelis
695 413 887 473 Gemblacsnsi
937 422 1114 487 sumptuosus
1146 418 1275 484 inveniri,
1309 418 1410 477 obnixe
1431 424 1520 495 petiit,
1551 428 1578 482 in
1606 429 1741 492 cimiterio

78 500 211 557 aeoalesiae
228 499 288 555 luit.
303 501 427 573 benique
442 500 476 557 dc
496 501 578 557 rebus
593 503 770 575 proprietatis
784 522 841 561 suae
861 516 889 563 et
937 513 1031 561 nostro
1065 507 1190 577 patribus
1217 509 1348 567 omnibns
1378 513 1555 586 consepeliri.
1584 519 1658 577 Obiit
1676 538 1743 601 ergo

79 594 115 648 do
129 593 171 648 his
181 611 243 666 quae
258 593 369 650 decenti
379 593 502 650 sollertia
514 594 672 667 adquisivit,
688 597 888 673 quinquaginta
937 592 953 647 3
979 593 1070 650 Nonas
1095 595 1229 665 Othbtisr
1256 604 1381 672 tompore
1406 601 1502 659 domni
1527 605 1665 665 liethardi
1695 612 1746 668 ab·

80 695 109 741 et
122 692 228 757 septem
247 685 352 743 solidos
374 687 516 743 annuatim
532 694 627 744 sancto
644 689 725 746 Petro
739 689 886 766 delegarit.
936 683 1017 740 botis·
1383 683 1386 689 ’

80 776 134 833 llos
144 787 237 833 autem
248 777 442 835 decrevitesse
453 778 505 835 snb
517 796 600 836 rnann
611 781 735 837 custodis
745 782 887 839 aeeclesia.
983 792 1151 838 oooosoarto
1172 799 1367 842 osrescrouuu
1383 803 1507 845 raarauu
1527 807 1697 851 nosraoauu.

81 876 110 925 et
124 885 157 925 ex
174 870 217 925 bis
231 869 335 944 iugiter
354 871 388 925 ab
402 887 435 927 eo
447 870 505 928 dari
520 872 612 928 lumen
627 872 753 930 decentis
769 874 889 931 luoernae
975 876 1059 929 itastis
1072 873 1106 908 ⁷⁷¹
1116 883 1262 946 comatus,
1275 882 1349 934 amat
1360 883 1627 954 GtrristoSipebertus,

81 968 145 1018 aute
160 961 244 1019 altare
261 971 363 1021 sanotae
371 965 420 1020 [tei
428 966 573 1040 genitricis
587 967 686 1023 ldariae.
702 968 733 1022 la
744 968 889 1025 dicantem
977 969 1246 1038 Maudusutututur3
1264 976 1372 1041 trausit,
1388 975 1454 1030 dum
1466 982 1539 1032 stare
1547 985 1672 1047 putatur.

81 1052 270 1110 anniversaria
285 1056 377 1113 obitus
390 1057 433 1112 sui
449 1058 592 1114 constituit
616 1059 788 1115 karitativam
814 1059 890 1117 refe·
979 1059 1339 1130 alemannorumque
1354 1069 1503 1132 pertransit
1514 1069 1659 1124 moriendo.

81 1146 201 1203 ctionem
217 1146 391 1204 sufficienter
404 1147 534 1205 iratribus
546 1149 617 1217 dari,
632 1157 663 1206 ut
678 1151 705 1205 in
719 1150 782 1208 loco
797 1158 890 1209 nostro
976 1148 1069 1202 Eleo!
1087 1163 1158 1205 mort
1172 1151 1370 1222 ltomt'oiparclt
1385 1155 1464 1224 ualli,
1480 1157 1563 1214 datur
1573 1164 1658 1228 omni,

82 1252 194 1309 semper
204 1239 346 1308 essetejus
360 1238 406 1309 pia
420 1238 585 1307 recordatio,
600 1246 627 1295 et
642 1255 692 1312 pro
708 1254 740 1295 eo
756 1241 790 1296 ad
804 1242 889 1297 Deum
976 1239 1106 1305 maana
1119 1246 1214 1296 malas
1226 1243 1330 1299 nultius
1342 1249 1464 1314 praeterit
1477 1256 1553 1307 tatus.

82 1328 183 1384 devota
195 1329 370 1401 supplicatio.
388 1330 429 1385 Sit
443 1330 469 1385 ei
483 1337 510 1387 et
521 1329 651 1386 omnibus
666 1329 892 1388 benefactoribus
975 1331 1045 1384 tinto
1057 1330 1158 1386 maredo
1171 1330 1297 1401 btuyma
1309 1337 1333 1389 si
1345 1336 1484 1403 assuetos
1497 1354 1622 1397 auocare
1711 1397 1713 1400 Α

82 1417 185 1473 nostris
199 1424 309 1473 aeternae
324 1419 386 1474 vitae
397 1418 547 1490 possessio,
568 1424 596 1475 et
611 1419 750 1489 justorum
766 1420 890 1477 omnium
976 1426 1093 1491 Posscut,
1109 1431 1181 1492 quot,
1202 1427 1293 1494 quotes
1304 1427 1390 1496 nolu,
1405 1445 1488 1498 quam
1505 1434 1658 1502 spirituales

81 1507 203 1564 letentur
215 1509 365 1565 consortio.
382 1510 467 1566 Aurea
975 1511 1103 1566 Omnbus
1115 1519 1141 1567 et
1154 1514 1223 1569 cari
1233 1515 1339 1582 studiis,
1353 1523 1379 1571 et
1393 1518 1443 1574 lieu
1458 1521 1533 1576 nudo
1545 1527 1614 1592 rari,

120 1597 164 1653 ta.
179 1599 302 1654 bernaus
313 1597 481 1673 sygebertus
490 1614 597 1656 morum
607 1600 744 1671 probitate
757 1606 785 1657 et
796 1600 890 1658 scien·
975 1603 1198 1669 seinamma
1209 1604 1324 1671 attenta
1336 1621 1399 1662 cunr
1412 1608 1543 1677 Sipeberto

81 1688 128 1747 tiae
156 1689 362 1761 multiplicitate
381 1690 528 1747 laudabilis
541 1697 569 1747 et
589 1698 683 1767 gratim
702 1693 744 1749 sui
759 1653 929 1767 temporisB
976 1692 1028 1749 Sed
1041 1696 1106 1764 quiri
1123 1697 1259 1765 pectori,
1275 1701 1345 1766 ruri,
1360 1706 1498 1769 aequem
1515 1707 1644 1773 rancori,

83 1781 268 1854 sapientibus,
286 1798 341 1838 non
357 1783 464 1859 indiget
478 1784 579 1839 nostris
595 1783 736 1854 laudibus,
751 1786 818 1859 quia
829 1785 892 1844 lau·
977 1783 1073 1839 Mundo
1092 1785 1236 1854 subtracti,
1250 1789 1307 1842 siut
1320 1790 1440 1845 celicolis
1453 1794 1558 1848 sedati.

84 1871 152 1929 dant
162 1890 225 1930 eum
237 1890 321 1945 opera
335 1875 404 1944 ejus.
418 1874 483 1930 Cum
494 1875 567 1932 euim
579 1864 652 1932 esset
663 1877 891 1946 juvenilissetatis
978 1873 1054 1928 Notis
1065 1873 1185 1928 raanan
1198 1874 1246 1928 dot
1262 1890 1365 1946 semper
1377 1882 1492 1934 sudeus.
1509 1881 1606 1937 Amen.

83 1968 209 2034 tempore
236 1963 376 2019 blascelini
391 1963 511 2033 abbatis,
531 1965 711 2022 mettensibus
726 1964 890 2038 notificatus,
976 1960 1021 2019 73·
1039 1962 1161 2019 Dotnoos
1187 1963 1273 2020 obbas
1296 1965 1458 2024 liethardus
1484 1971 1586 2028 domno
1606 1962 1750 2044 Sigeberto

81 2059 111 2108 et
121 2052 148 2106 in
164 2053 281 2108 cenobio
294 2052 380 2110 saneti
390 2054 526 2110 vincentii
540 2055 671 2126 martyris
685 2070 747 2111 cum
759 2055 891 2113 Fulcoino
942 2050 988 2106 dio
1003 2052 1133 2120 convixit,
1154 2054 1203 2109 sed
1219 2069 1274 2110 non
1289 2054 1337 2111 dio
1351 2056 1508 2128 supervixit.
1525 2061 1660 2119 Posthac
1674 2063 1748 2118 enim

80 2140 181 2196 abbate
196 2141 244 2196 diu
259 2149 447 2211 conversatus,
468 2142 612 2215 sapientie
630 2142 693 2201 lons
717 2152 815 2216 patens
833 2151 892 2201 erat
941 2160 1002 2217 quae
1017 2147 1051 2203 de
1063 2163 1096 2204 eo
1108 2149 1334 2221 conscripsimus,
1346 2158 1374 2207 ot
1389 2159 1449 2223 post
1459 2154 1545 2209 multa
1557 2170 1618 2226 quae
1634 2163 1748 2228 prseter-

81 2249 137 2290 non
153 2235 241 2290 solum
257 2237 400 2292 monacbis
422 2244 464 2292 set
483 2243 510 2292 et
527 2237 637 2293 clericis
664 2239 698 2294 ad
721 2254 750 2294 so
765 2239 890 2312 undique
939 2234 1075 2303 misimus,
1096 2236 1220 2293 sentiens
1238 2237 1290 2293 sibi
1312 2240 1436 2310 eorporis
1450 2241 1521 2297 vires
1536 2241 1656 2299 delicere
1670 2251 1698 2300 et
1713 2246 1747 2301 ad

79 2326 297 2383 confluentibus.
323 2328 413 2384 ldultis
436 2328 610 2385 blesensium
640 2328 779 2403 hodieque
799 2329 890 2387 dulcis
940 2326 1113 2395 procurando
1140 2343 1203 2398 qoae
1229 2336 1422 2399 procurassent
1442 2346 1497 2387 non
1522 2330 1662 2401 sustinere,
1684 2351 1746 2392 cum

81 2424 123 2474 est
143 2418 202 2490 ejus
216 2418 361 2486 momoria,
387 2419 533 2492 inquibus
560 2421 650 2477 adhuc
674 2430 823 2493 supersunt
839 2422 891 2478 do·
940 2416 1070 2473 iratribus
1082 2435 1152 2491 quos
1171 2420 1287 2477 idoneos
1303 2430 1419 2479 noverat
1433 2424 1533 2495 partito
1553 2425 1748 2484 sollicitudinis

80 2510 253 2584 ctrineejus
274 2512 481 2587 vestigiatinae
508 2513 552 2569 vel
581 2520 683 2585 quanta
712 2513 770 2570 illic
784 2514 891 2590 degens
941 2524 998 2564 suas
1022 2511 1317 2580 onere,orstionibus,
1337 2513 1440 2588 vigiliis
1464 2522 1492 2570 et
1505 2515 1620 2587 jejuniis
1634 2519 1748 2575 curabat

81 2615 178 2678 rogatu
192 2623 287 2664 eorum
299 2608 401 2680 scripta
416 2607 545 2678 ediderit,
563 2607 622 2679 ipse
635 2608 756 2664 ostendit
770 2608 798 2664 in
818 2608 890 2666 libro
940 2598 1106 2668 itt⁰l³01¹⁵iu⁵
1124 2599 1263 2667 insisteres
1277 2608 1308 2656 ¹¹2
1320 2601 1437 2658 ⁰0ffl5110
1452 2619 1502 2674 Ρθΐ
1512 2604 1676 2675 esslllfflllssit
1690 2621 1748 2663 ¹¹¹⁰·

79 2696 229 2754 spasmum
253 2699 386 2768 pirorum,
403 2716 486 2772 quem
515 2700 682 2770 composuit.
710 2698 765 2755 pec
784 2699 889 2754 sorum.
940 2688 1049 2743 testiam
1064 2704 1094 2744 se
1109 2689 1217 2746 vocanti
1235 2690 1355 2761 paratior
1369 2700 1463 2763 posset
1476 2708 1631 2751 oeorrrrere.
1648 2695 1749 2752 Fratri·

26 2802 32 2812 ·
77 2789 162 2846 ruodo
177 2790 346 2857 elrristiauis,
358 2792 407 2849 sed
423 2800 451 2848 et
463 2790 560 2849 iudeis
575 2791 603 2847 in
619 2789 716 2848 eadem
731 2789 799 2847 urbe
811 2806 889 2847 com·
939 2779 991 2836 bus
1018 2781 1100 2836 ellam
1115 2796 1186 2853 (1⁰0⁸
1201 2789 1316 2853 taleme
1336 2789 1511 2856 ¹f³⁰¹³l⁰l³lr
1538 2792 1567 2840 θῑ
1584 2787 1619 2841 ld
1639 2803 1673 2842 θα
1684 2803 1747 2859 (1¹¹ae

76 2882 319 2939 manentibusefflp
332 2883 502 2948 carissimus,
520 2900 570 2956 pso
585 2898 618 2941 00
636 2883 709 2956 quod
725 2881 886 2938 pebraiffim
938 2868 986 2924 Dei
1000 2877 1065 2924 sunt
1078 2870 1162 2925 verbo
1178 2876 1205 2925 et
1219 2871 1345 2942 exemplo
1364 2870 1536 2940 incitaverat,
1548 2875 1747 2932 commendans

74 2972 219 3035 ,papatem
234 2989 250 3028 a
273 2974 380 3030 033oeer
394 2974 724 3032 editionqbfflecpmem
740 2981 799 3032 emp
811 2973 887 3046 peri.
937 2958 1148 3015 unanimitatem
1160 2958 1286 3016 fraternae
1301 2960 1469 3030 dilectionis,
1485 2969 1513 3019 et
1526 2963 1668 3019 caritatem
1684 2981 1746 3037 qnae

75 3069 130 3132 quq,
143 3072 171 3121 ep
190 3065 217 3120 jn
234 3065 278 3121 qis
293 3083 355 3139 <1¹¹ae
380 3067 534 3124 secundum
560 3067 722 3124 flebmjcam
744 3066 887 3124 veritatem
901 3037 979 3108 Cast
998 3053 1139 3111 vinculum
1153 3054 1342 3126 perfectionis,
1359 3055 1429 3112 inter
1444 3057 1528 3112 verba
1546 3057 1599 3129 piae
1610 3058 1749 3114 ammoni·

74 3157 215 3226 dicebant,
230 3158 382 3214 iudeorum
397 3168 457 3216 erat
479 3161 657 3217 consentiens
674 3160 884 3217 assertionibus.
935 3149 1019 3206 tionis
1035 3151 1076 3206 ⁰1⁵
1092 3150 1224 3207 flosslibttt
1246 3151 1388 3220 valedixit>
1417 3161 1445 3208 θῑ
1470 3153 1602 3209 V10081m0
1624 3154 1747 3210 ³001111th

73 3244 139 3302 Post
150 3246 266 3302 multum
281 3248 467 3319 temporisvix
483 3248 627 3321 impetrata
637 3248 758 3312 lieentia,
774 3248 886 3305 rediens
936 3261 1010 3303 anuo
1025 3262 1082 3301 suae
1097 3246 1267 3318 praelationis
1289 3247 1415 3302 titanas
1435 3248 1575 3304 Februarii
1587 3249 1666 3304 obiit.
1684 3249 1747 3305 l'ra-

75 3338 110 3395 sd
124 3339 272 3396 cenobium
288 3340 499 3407 Gemblaeense,
522 3340 609 3397 multa
624 3341 742 3400 contulit
756 3341 790 3396 ad
804 3356 885 3397 usum
937 3343 1068 3391 ireseum
1084 3335 1171 3390 multo
1186 3350 1294 3390 merore
1308 3335 1497 3406 persolventes
1524 3337 1549 3391 ei
1569 3335 1674 3392 funeris
1689 3337 1744 3392 ob·

76 3435 105 3484 et
132 3435 259 3484 ornatum
283 3428 426 3497 eeclesiae,
446 3444 507 3502 quae
538 3428 710 3501 adquisierat
733 3429 887 3486 voluntaria
937 3425 1075 3498 sequium,
1089 3424 1179 3496 palam
1195 3423 1333 3480 iaciebant
1347 3426 1590 3501 quambenignum
1601 3443 1666 3500 erga
1682 3444 1747 3483 eum

78 3534 175 3575 eorum
195 3535 265 3592 quos
280 3520 445 3576 instruxerat
464 3519 639 3576 liberalitate.
666 3517 889 3592 Frequentabant
939 3518 1073 3574 haberent
1086 3517 1223 3574 affectum.
1235 3520 1334 3575 [lantes
1345 3521 1439 3592 itaque
1454 3521 1480 3575 ei
1496 3521 1744 3593 loeumsepnlturae

81 3618 174 3665 autem
204 3625 266 3664 eum
295 3608 413 3681 majoros
438 3617 514 3676 natu,
544 3608 755 3665 excellentiores
789 3609 887 3685 gradu,
939 3617 1002 3666 ante
1029 3611 1114 3666 altare
1133 3619 1234 3667 sanctae
1261 3612 1310 3667 Dei
1336 3611 1479 3687 genitricis
1501 3612 1601 3682 lllariae,
1623 3630 1655 3669 ex
1678 3623 1743 3671 tune

82 3701 220 3759 acutiores
240 3717 334 3769 sensu,
362 3701 409 3774 qui
429 3708 507 3758 erant
533 3701 562 3757 in
580 3701 651 3757 urbe
664 3700 836 3766 Laodicensi,
864 3700 888 3756 si
938 3709 966 3760 et
980 3719 1054 3759 nuno
1067 3709 1147 3759 orant
1165 3705 1251 3759 [lenm
1267 3720 1316 3776 pro
1331 3705 1392 3774 ejus
1411 3713 1514 3761 aterna
1528 3706 1634 3778 requie.

82 3790 150 3864 quid
166 3790 321 3863 questionis
336 3797 493 3847 occurreret
520 3791 572 3860 eis,
587 3790 622 3846 ad
638 3791 712 3846 bunc
737 3789 846 3846 deterre
861 3797 889 3846 et
973 3796 1033 3852 Vita
1046 3796 1128 3864 Dens,
1142 3796 1227 3852 vitam
1247 3797 1294 3853 det
1307 3797 1333 3853 ei
1359 3797 1420 3853 sine
1436 3796 1491 3855 fine
1513 3797 1633 3855 beatam.
1650 3802 1748 3857 aaran.

81 3898 144 3939 eum
175 3898 208 3939 eo
234 3883 360 3940 conterre
388 3883 471 3940 soliti.
502 3883 602 3939 tiorum
639 3881 796 3954 praecipuus
830 3889 889 3938 erat
1254 3902 1429 3944 srrruarruu.

82 3973 201 4031 domnus
216 3974 368 4043 lleinricus,
382 3974 594 4031 archidiaconns
606 3980 635 4031 et
652 3974 775 4031 decanus
787 3974 889 4032 aeocle·
940 3977 1026 4034 Alias
1040 3980 1207 4049 luitardus,
1221 3982 1306 4036 vetuti
1319 3981 1403 4037 ludas
1418 3983 1586 4051 Machmas,

82 4070 131 4126 siae
144 4070 230 4128 saneti
243 4069 391 4139 Lamberti,
408 4071 486 4141 ouius
505 4078 602 4145 rogatu
621 4070 732 4143 scripsit
745 4071 780 4126 ad
797 4069 890 4128 Treui·
975 4078 1037 4129 ttae
1046 4074 1130 4129 bouus
1142 4081 1175 4130 ut
1187 4079 1276 4144 tosus,
1287 4077 1400 4147 prefuit
1412 4077 1543 4134 molesia.

84 4179 181 4220 renses
200 4163 302 4218 librum
330 4162 365 4218 de
395 4163 510 4234 jejuniis
528 4169 648 4236 quatuor
675 4171 843 4236 temporum,
863 4170 892 4220 st
941 4169 1057 4235 Proque
1070 4166 1148 4234 belm,
1168 4169 1258 4223 miuus
1273 4169 1336 4224 tulit
1350 4170 1504 4225 etcouoitta
1515 4171 1624 4238 mutta;

84 4255 170 4312 multa
183 4272 246 4328 quac
261 4264 459 4312 commemorat
469 4256 498 4312 in
512 4256 584 4313 libro
597 4256 744 4313 illustrium
758 4257 889 4314 virorum.
976 4259 1026 4310 Nec
1040 4260 1132 4310 tameo
1145 4258 1176 4311 iu
1188 4255 1278 4312 studio
1288 4255 1390 4311 destitit
1409 4272 1425 4310 a
1440 4256 1542 4312 braum.

84 4347 115 4401 ln
140 4345 257 4402 cenobio
278 4345 468 4401 Gemblaoensi
490 4362 535 4402 me
563 4346 610 4418 qui
626 4346 686 4402 baec
704 4345 849 4418 descripsi,
865 4352 893 4402 et
941 4346 1038 4400 Parioi
1050 4344 1168 4412 smera,
1183 4347 1226 4401 atr
1240 4346 1328 4413 tutu,
1345 4347 1504 4414 ttarttaaque
1519 4345 1609 4401 sollers

84 4439 171 4495 multo
190 4439 321 4495 meliores
347 4439 479 4509 erudivit,
502 4456 619 4513 quornm
644 4441 747 4498 multos
774 4446 837 4498 ante
861 4415 933 4498 selJ
976 4439 1079 4492 Cuncta
1088 4438 1256 4492 veinatriva
1269 4434 1414 4504 frutribus,
1434 4442 1466 4491 ut
1475 4437 1573 4505 potuit.

83 4527 227 4599 praemisit,
244 4542 356 4599 paucos,
372 4544 421 4600 pro
436 4527 530 4585 dolorl
546 4536 610 4600 post
622 4544 652 4585 se
667 4528 781 4585 dimisit.
798 4528 833 4586 tlt
849 4528 892 4585 sir
940 4527 1061 4595 ossasau
1081 4527 1199 4594 martem,
1215 4530 1321 4583 amna
1335 4528 1441 4596 amotio
1455 4541 1593 4597 sperueus,

85 4617 208 4690 pandens
222 4632 284 4673 cum
303 4623 376 4673 esset
395 4616 489 4674 multe
511 4616 663 4693 gravitatis,
689 4632 746 4673 non
775 4622 834 4674 erat
851 4617 893 4672 in·
976 4619 1061 4688 illapit
1076 4619 1183 4688 portem
1201 4616 1498 4688 Mopduteooeparilem.

84 4705 212 4763 discreta
219 4705 397 4773 austeritatis,
406 4713 449 4763 set
462 4714 522 4763 erat
536 4705 570 4763 ad
583 4720 681 4763 omnes
688 4712 719 4762 ut
732 4721 778 4762 res
791 4720 893 4777 posce·
941 4711 1027 4774 mom
1038 4709 1091 4765 sibi
1107 4709 1238 4778 uetula,
1252 4711 1299 4778 qui
1310 4712 1395 4780 pratu
1409 4711 1519 4782 stapulo
1532 4710 1626 4780 denus

84 4795 134 4852 bat
159 4794 284 4851 discrelae
310 4794 519 4851 mediocritatis.
546 4793 749 4865 scripturarum
771 4793 890 4850 maxime
976 4805 1026 4868 Qut
1039 4801 1640 4870 bonuseuoluqlruicmlsereraoauslmen.
1655 4803 1751 4863 Amen.

86 4887 241 4944 divinarum
257 4886 339 4944 lectio
365 4895 393 4943 et
407 4887 551 4943 meditatio
574 4901 636 4944 eum
656 4887 808 4959 occupabat
815 4908 825 4952 ς
849 4894 892 4943 set
963 4903 965 4907 ’
1168 4892 1210 4948 us
1226 4893 1377 4952 ausutrto
1391 4895 1527 4953 ausast.

86 4985 179 5036 umen
201 4977 340 5034 cotidiana
360 4977 505 5032 missarum
528 4977 678 5034 celebratio
702 4984 730 5034 et
744 4977 843 5034 devota
857 4977 893 5033 ad
978 4983 1024 5037 rt.
1043 4981 1265 5052 Gemblaoenses,
1285 4983 1408 5042 seientes
1427 4985 1493 5058 qnia
1516 4983 1636 5043 liliorum
1657 4992 1700 5042 est
1718 4984 1754 5041 de

86 5068 174 5124 Deum
187 5067 273 5124 oratio
288 5082 400 5139 semper
411 5082 474 5122 enm
485 5066 696 5139 preoccupabat
719 5068 813 5144 Longa
827 5082 895 5123 con·
945 5071 1094 5128 amissione
1116 5071 1203 5145 patris
1216 5072 1366 5145 spiritualis
1385 5073 1555 5145 contristari,
1579 5080 1608 5130 et
1626 5073 1691 5146 quia
1706 5088 1754 5128 aa·

87 5157 177 5233 iectus
186 5165 330 5216 senectute
341 5175 403 5216 oum
419 5146 726 5216 decubuissetextreiua
740 5160 897 5236 egritudine
947 5164 1070 5236 pientum
1085 5171 1128 5220 est
1136 5163 1354 5239 undequumque
1368 5174 1491 5224 exortam
1506 5165 1643 5222 tristitiam
1657 5164 1756 5221 mode-

88 5251 175 5308 niehil
189 5251 320 5308 amittens
348 5251 438 5308 insitae
458 5251 510 5307 sibi
533 5250 700 5324 prudentiae,
726 5250 897 5326 fratrumque
948 5257 1012 5325 rari,
1026 5255 1207 5314 conterebant
1221 5257 1257 5314 ad
1268 5257 1575 5316 inuicemilluddietum
1591 5256 1667 5313 beati
1679 5254 1756 5314 Pauli

88 5344 217 5402 uoluntas
231 5349 316 5413 esset,
333 5350 362 5401 ut
377 5360 440 5401 cum
455 5343 544 5401 obiret
559 5343 629 5400 intra
643 5344 840 5402 monasterium
852 5359 896 5401 se·
948 5345 1080 5419 apostoli:
1101 5346 1283 5417 Aporiaruur,
1302 5353 1343 5406 set
1359 5364 1412 5405 uon
1431 5347 1604 5404 destituimur
1631 5347 1668 5416 (ll
1694 5346 1758 5404 cor.

90 5435 209 5510 pulturae
236 5437 328 5495 locum
354 5438 502 5511 acciperet,
526 5442 556 5494 ut
582 5436 625 5494 vir
651 5435 756 5494 altioris
786 5436 897 5495 consilii
948 5452 985 5504 rr,
1012 5434 1050 5508 8).
1070 5434 1245 5508 aporiamur,
1268 5438 1333 5511 quia
1357 5437 1506 5495 amissione
1524 5435 1620 5494 domui
1648 5432 1757 5492 abbatis

763 5537 875 5597 VARIAE
892 5537 1083 5597 ubertates,

129 5645 165 5682 ars
181 5645 265 5704 tussis
278 5674 312 5687 -
327 5652 392 5703 setas
402 5645 439 5717 (υ.
453 5647 520 5715 bil)
535 5646 593 5703 otia
605 5659 689 5704 muttit
701 5647 733 5702 itt
752 5645 886 5704 tororum
901 5634 906 5641 ¹
