3720 6014
147 222 202 283 80³
751 214 927 272 siccabitur
947 212 1206 270 schutterense.
1777 211 1821 270 &ll

149 349 193 407 uel
207 364 240 403 ex
254 347 312 403 visa
325 344 502 400 multitudine
516 342 649 410 virorum,
665 341 707 397 vel
723 356 756 396 ex
770 340 863 396 audita
875 339 957 397 rolli·
971 346 996 412 Α
1009 338 1073 394 tatis
1096 336 1248 406 damnavit,
1271 344 1299 393 et
1318 335 1383 409 quia
1404 335 1498 393 illicite
1525 335 1626 393 saltem
1643 340 1823 394 attentaverat

149 443 228 498 sione
242 438 536 497 armorumliioabant
554 437 655 504 loricas,
668 434 880 507 proeminebant
898 450 959 492 cas-
1007 446 1092 487 arma.
1113 446 1142 486 se
1170 436 1234 485 ante
1249 429 1335 484 Deum
1355 427 1524 502 [congruenti
1545 427 1660 484 addixit
1691 427 1823 499 poenitaa·

148 534 224 588 sides
252 533 279 587 in
306 532 406 603 capite;
428 528 680 603 levaetegebantur
700 528 816 600 clypeis,
838 528 958 584 dextera
1007 522 1052 577 (ἰῶ
1079 519 1169 592 (1068)
1208 519 1257 587 Te,
1288 517 1388 591 inquil.
1417 518 1490 575 b01lt
1518 519 1596 586 lesu.
1630 517 1683 591 qui
1720 517 1823 575 dixisti:

149 620 328 678 armabantur
343 620 429 690 spatis
444 629 472 674 ct
486 618 609 685 lanceis;
628 617 764 689 praeibant
778 615 956 673 fundibularii
1008 634 1024 666 a
1038 613 1101 668 hiihi
1115 613 1276 678 vindictam,
1292 618 1319 667 et
1333 627 1385 686 ego
1405 611 1568 680 retribuam,
1585 632 1599 665 u
1617 620 1649 666 te
1666 626 1784 682 precor,
1795 628 1823 669 xe

149 729 211 771 cum
231 712 390 786 sagittariis.
408 711 507 767 Audito
522 726 578 767 rem
595 708 764 777 mirabilem,
781 708 881 764 divinae
897 708 959 780 pie·
1008 707 1122 778 perdam
1136 704 1278 762 victoriam
1292 720 1394 772 meam,
1410 704 1475 777 quia
1488 704 1576 760 satius
1590 711 1637 760 est
1665 702 1738 759 mihi
1763 706 1823 761 mori

149 805 213 862 tatis
239 803 374 861 indiceml
403 804 436 859 Ut
464 803 537 859 euim
570 802 697 866 clareret,
726 800 902 857 bantbertum
929 800 958 855 in
1008 794 1089 864 inte,
1106 811 1188 867 quarn
1203 810 1288 866 super
1314 792 1443 849 inimicos
1463 808 1540 848 meos
1559 791 1701 849 bellando
1722 790 1823 850 mittere

150 895 226 951 nullo
249 894 371 970 gloriari,
397 893 450 948 nisi
480 892 507 947 in
533 908 616 949 cruce
642 890 750 947 Domini
779 890 866 947 nostri
893 890 958 945 lesu
1008 907 1117 946 manus.
1132 889 1170 946 Tu
1190 887 1600 960 bellatortortis,apprebende
1622 896 1752 943 armaet
1768 905 1823 944 seu·

150 987 259 1054 Christi,
275 1003 324 1058 per
339 1003 420 1059 quem
437 985 463 1040 ei
477 985 598 1041 mundus
612 981 759 1039 crucifixus
773 989 843 1050 erat,
857 987 885 1037 et
898 981 959 1053 ipse
1009 987 1077 1048 tum,
1093 985 1121 1035 et
1136 994 1255 1055 exsurge
1281 979 1310 1034 in
1325 977 1493 1048 adjutorium
1520 976 1601 1034 mihi.
1633 976 1699 1033 latu
1715 976 1824 1047 irruptis

150 1079 265 1145 mundo,
286 1078 368 1151 eique
389 1078 444 1147 jam
466 1094 481 1133 a
500 1058 573 1133 terr'a
588 1076 617 1131 in
639 1075 738 1133 coelum
755 1091 805 1146 per
827 1075 957 1130 uirtutem
1009 1072 1104 1144 portis,
1121 1073 1179 1143 jam
1204 1070 1323 1128 effractis
1347 1069 1464 1136 loribus,
1485 1069 1561 1142 ipsos
1575 1069 1684 1125 domus
1709 1069 1824 1141 parietes

150 1168 239 1224 crucis
251 1183 395 1223 ascensum
416 1167 444 1221 in
459 1165 538 1222 coelis
558 1165 658 1236 parari,
675 1163 787 1235 quidam
809 1170 957 1235 sequentes
1008 1159 1332 1235 impingebantlanceis;
1348 1158 1434 1231 aliqui
1444 1158 1528 1214 etiam
1540 1158 1728 1234 introgressi,
1739 1158 1823 1230 ignem

151 1256 313 1323 exercitum,
322 1254 532 1328 videntsignum
542 1251 706 1309 admirabile
718 1258 863 1324 stupentes
875 1266 959 1322 supra
1008 1252 1194 1309 intentabant.
1212 1253 1309 1309 Petrus
1323 1259 1352 1307 et
1365 1251 1521 1308 hudolecus
1532 1251 1729 1326 introgressos
1738 1250 1823 1306 elimi-

82 1375 85 1381 -
150 1344 277 1412 domum,
292 1343 320 1399 in
334 1359 388 1415 qua
403 1349 461 1398 erat
474 1341 608 1412 pontifex,
631 1340 717 1396 instar
730 1340 879 1396 Dominicae
893 1355 957 1395 cru·
1008 1342 1122 1406 nabent,
1139 1349 1236 1398 ettam
1253 1341 1347 1398 multis
1366 1348 1586 1412 tampaucorum
1600 1338 1823 1397 uiribnsirustra

151 1438 402 1513 cisssclariusornni
417 1436 570 1503 metallo,a
595 1445 667 1491 terra
689 1451 777 1508 usque
807 1436 842 1490 ad
857 1435 957 1492 coelum
1008 1434 1180 1491 conabantur
1203 1435 1348 1500 resisterer
1381 1450 1451 1506 quos
1479 1441 1593 1489 sanctus
1622 1447 1678 1505 pro
1706 1438 1823 1504 tempore

150 1529 272 1586 rutilare.
298 1526 407 1583 Constat
426 1526 603 1599 quibusdam,
620 1525 667 1599 qui
684 1542 734 1597 spe
751 1532 838 1598 pactae
852 1541 959 1582 merce·
1009 1531 1166 1587 consolans.
1188 1530 1228 1599 Si,
1247 1531 1347 1604 inquit,
1376 1545 1431 1599 me,
1449 1527 1558 1598 iratres,
1582 1527 1692 1585 vicarie
1707 1527 1823 1593 amasis,

151 1621 205 1689 dis,
221 1635 276 1675 non
287 1619 417 1677 auiditate
432 1617 567 1674 tundendi
582 1618 736 1694 sanguinis,
753 1626 780 1674 et
805 1624 909 1674 tantum
925 1619 959 1674 ad
973 1647 1000 1718 B
1013 1625 1159 1694 christum,
1187 1625 1258 1682 sicut
1285 1640 1337 1699 ego
1354 1623 1452 1700 diligo,
1486 1623 1613 1698 diligite:
1647 1631 1744 1680 vestra
1765 1621 1824 1678 teta

151 1709 309 1781 &Utendum
337 1722 479 1762 numerum
509 1706 638 1772 millium,
662 1720 716 1761 ¹¹0ss
743 1706 777 1761 ld
797 1706 960 1777 pallandum
1012 1727 1126 1791 peccata
1139 1717 1323 1783 confitemini,
1337 1726 1365 1773 et
1379 1723 1456 1772 orate
1478 1730 1529 1787 pro
1545 1714 1684 1784 invicem,
1699 1713 1825 1772 utsalre·

152 1800 242 1856 soelus
272 1799 412 1855 bodonem
445 1797 657 1869 sequebantur,
696 1806 819 1852 sanctam
851 1812 960 1853 crucem
1011 1810 1089 1868 mini,
1114 1811 1156 1868 ge
1175 1809 1350 1883 oporqeqjam
1366 1808 1492 1876 digmus,
1508 1814 1536 1864 eq
1560 1823 1627 1864 cum
1650 1806 1763 1864 christo
1787 1806 1825 1863 qi.
1859 1856 1860 1859 Ἴ

152 1892 238 1949 inisse
253 1892 447 1964 conspicuam
472 1891 528 1946 illis
546 1899 659 1947 econtra
679 1891 867 1948 occultabatur
882 1892 961 1963 obje·
1010 1919 1086 1960 vere,

152 1993 198 2042 ctu
218 1985 337 2053 nebulae,
355 1984 403 2057 qui
418 1984 569 2055 cupiditate
588 1983 691 2054 rapina-
717 1990 745 2039 et
768 1985 959 2055 expectatione

153 2075 260 2149 praemii
297 2075 438 2149 spirabant
463 2075 491 2130 iu
525 2073 677 2146 perniciem
705 2075 793 2131 sancti
820 2074 959 2145 pontificis
1009 2121 1038 2176 in
1059 2119 1175 2176 crimine
1202 2119 1255 2175 isto
1280 2117 1381 2189 (¹069),
1409 2117 1445 2173 de
1479 2131 1535 2189 quo
1564 2115 1653 2173 modo
1678 2113 1752 2172 ultio
1780 2130 1822 2170 ex.

152 2168 254 2242 (1065)·
1009 2209 1112 2283 petitur
1120 2223 1128 2277 ;
1155 2208 1229 2280 quod
1251 2213 1319 2263 tunc
1347 2206 1450 2277 injuste
1469 2204 1567 2281 egistis
1588 2202 1689 2272 modo,
1716 2218 1821 2275 precor,

186 2301 231 2358 tu.
267 2300 358 2356 Primo
387 2299 566 2356 Constantino
602 2300 764 2371 imperatori
792 2301 826 2356 ad
856 2301 959 2357 bellum
1006 2298 1081 2369 juste
1095 2312 1127 2353 ac
1141 2295 1279 2366 patienter
1290 2294 1369 2351 luite.
1385 2294 1443 2350 Non
1455 2292 1593 2364 judicabit
1602 2293 1680 2350 Deus
1694 2291 1743 2350 bis
1756 2293 1784 2348 in
1799 2293 1823 2348 id

152 2388 246 2447 emuli
255 2389 363 2464 signum
380 2389 407 2443 in
420 2388 599 2461 crucisigneo
611 2388 720 2464 fulgore
729 2389 840 2445 rutilum
852 2390 880 2444 in
890 2390 959 2447 coelo
1010 2390 1099 2462 ipsum
1112 2405 1165 2444 nec
1177 2393 1325 2460 consurget
1338 2386 1439 2460 duplex
1458 2385 1611 2442 tribulatio.
1641 2385 1696 2454 Ne,
1719 2400 1822 2458 quaeso,

152 2478 289 2550 appamit,
302 2493 358 2549 quo
367 2476 528 2548 inscriptum
538 2476 698 2533 videbatur:
709 2482 799 2547 Τούτῳ
810 2482 877 2546 νίκα,
884 2477 959 2549 quod
1010 2485 1154 2552 peccatum
1168 2484 1290 2535 vestrum
1305 2485 1368 2534 ante
1387 2478 1472 2533 Deum
1492 2477 1624 2546 inundet,
1635 2491 1691 2532 neo
1705 2491 1760 2547 per
1773 2492 1824 2531 rna·

152 2579 204 2636 ost,
228 2571 257 2623 ln
273 2568 421 2642 hocsigno
443 2568 538 2624 vinces
554 2568 655 2640 (1066).
682 2567 829 2624 lantberto
849 2583 960 2641 quoque
1010 2570 1309 2645 nustestrassanguis
1329 2568 1495 2644 sanguinem
1511 2573 1613 2640 tangat.
1642 2567 1706 2623 Non
1728 2568 1822 2622 timea-

153 2657 182 2712 in
203 2657 344 2728 procinctu
369 2656 435 2711 belli
459 2663 558 2722 stante,
584 2657 693 2732 signum
722 2658 813 2714 crucis
832 2659 962 2730 apparuit
1011 2676 1072 2716 mus
1086 2659 1219 2716 saevitiam
1247 2664 1467 2731 persecutorum,
1490 2655 1628 2730 quiaillis
1650 2656 1751 2712 eritin
1768 2658 1825 2712 rin·

153 2763 237 2819 super
252 2748 364 2804 domurn
381 2749 451 2819 ejus,
470 2747 552 2819 plane
567 2750 737 2819 portendens
756 2750 807 2819 illi,
823 2750 871 2822 qui
892 2751 961 2822 stig·
1010 2750 1112 2806 dictam
1126 2748 1236 2825 gladius
1248 2746 1370 2820 etignis,
1388 2747 1436 2819 qui
1449 2745 1632 2802 manducabit
1644 2761 1749 2801 carnes
1767 2746 1825 2801 illo·

153 2840 329 2897 mataemcis
344 2839 442 2896 Christi
471 2840 500 2895 in
516 2841 599 2896 corde
614 2848 642 2897 et
665 2857 782 2914 corpore
801 2850 961 2915 suupertu·
1011 2860 1071 2899 rum
1086 2843 1221 2916 usquead
1238 2841 1398 2898 medullam.
1414 2841 1589 2897 Vostantum
1604 2855 1708 2898 manus
1724 2846 1826 2897 vestras

153 2928 232 2996 ierat,
249 2930 305 2998 jam
323 2945 338 2983 a
353 2929 408 2984 ileo
423 2928 567 2984 victoriam
587 2935 614 2984 et
626 2944 757 2986 coronam
773 2933 873 3002 parari.
891 2932 961 2988 bile·
1010 2943 1117 2992 servate
1132 2935 1270 3004 innoxias,
1286 2941 1316 2990 ut
1340 2940 1368 2990 et
1389 2933 1502 3007 spiritus
1522 2942 1616 2989 vester
1639 2933 1670 2988 in
1690 2940 1827 2989 aeternum

1044 2031 1089 2090 50.
1103 2031 1183 2088 Scitis
1193 2045 1252 2099 vos,
1268 2036 1413 2101 onepotcs
1425 2027 1490 2097 mei,
1505 2041 1569 2085 reos
1579 2032 1608 2082 et
1619 2025 1723 2084 noxios
1740 2025 1822 2083 tuisse

154 3029 199 3076 cto
213 3035 326 3091 quoque
352 3021 459 3076 bomini
488 3020 637 3076 benedicto
657 3023 701 3077 via
723 3023 814 3093 palliis
838 3032 922 3080 strata
934 3031 962 3080 et
973 2995 999 3066 C
1012 3028 1047 3084 sit
1056 3029 1167 3084 salvus:
1183 3034 1290 3084 uestras
1305 3025 1388 3081 etiam
1402 3041 1500 3081 carnes
1517 3025 1580 3080 date
1595 3023 1654 3080 illis
1673 3024 1711 3080 ad
1724 3024 1829 3080 dilace-

154 3110 330 3182 lampadibus
350 3127 365 3165 a
397 3118 469 3167 terra
494 3128 584 3184 usque
604 3113 637 3168 ad
656 3113 756 3170 coelum
776 3122 871 3186 parata
889 3132 960 3184 esse,

155 3218 302 3274 perquam
319 3203 352 3258 ad
377 3202 473 3258 caelum
495 3204 668 3272 ascenderet,
694 3206 860 3278 quibusdam
875 3224 961 3281 appa·

1012 3116 1138 3172 randum.
1160 3116 1207 3170 llis
1223 3114 1328 3171 ultimis
1340 3113 1453 3171 monitis
1469 3113 1555 3169 Patris
1567 3113 1621 3181 sui,
1636 3113 1695 3183 jam
1711 3113 1742 3168 in
1764 3127 1827 3188 ago-

1011 3210 1056 3265 nis
1074 3208 1229 3280 constituti,
1254 3208 1366 3263 animati
1384 3213 1449 3263 sunt
1474 3222 1572 3263 omnes
1594 3206 1631 3263 ad
1650 3206 1825 3263 occumben-

155 3291 209 3346 ruit
224 3291 328 3363 (¹06¹ll:
345 3291 493 3349 Lantberto
513 3308 675 3365 veroquam
695 3294 846 3352 Benedicta
857 3297 961 3372 glorio·

154 3379 211 3436 sior
228 3381 272 3435 via
289 3391 384 3452 parata
402 3388 454 3449 est,
479 3381 526 3453 qui
542 3382 693 3454 peripsam
720 3398 841 3449 crucem,
859 3392 962 3441 aterra

153 3487 242 3545 usque
263 3473 298 3528 ad
314 3473 413 3529 omium
429 3474 597 3542 rutilantem,
614 3474 700 3531 eoelos
727 3477 859 3534 ascendit.
881 3478 960 3534 Lant-

154 3563 251 3621 bertus
273 3580 383 3638 quoquo
411 3565 657 3638 leliciorluitipso
682 3567 755 3623 lilia:
791 3569 861 3625 Elias
886 3570 960 3625 enim

153 3651 238 3728 igneo
254 3669 335 3710 curru
349 3655 376 3708 in
391 3654 491 3711 coelum
506 3663 612 3726 raptus,
628 3663 716 3712 morto
738 3657 832 3726 dilata,
848 3658 959 3732 longam

153 3756 231 3813 spem
250 3742 314 3798 vitas
334 3750 445 3799 aeternae
460 3744 551 3799 adbuc
564 3751 653 3800 tenet:
670 3746 845 3814 lantbertus,
872 3755 959 3805 morte

154 3831 240 3901 obita,
252 3833 279 3887 in
296 3833 394 3889 ooelum
420 3835 519 3890 ductus
541 3852 591 3907 per
603 3852 712 3892 crucem
729 3838 818 3912 igneae
833 3839 914 3907 lucis,
931 3840 959 3895 in

154 3932 255 3982 aeterna
277 3927 333 3982 vita
346 3928 449 4002 gaudet
461 3944 524 3984 cum
539 3929 656 3987 Christo.

189 4056 235 4112 te.
255 4057 336 4113 Acies
355 4059 474 4116 bostium
498 4061 555 4130 jam
573 4063 652 4135 quasi
667 4065 701 4120 ad
721 4067 900 4138 praecinctum
914 4087 960 4144 ap·

152 4146 371 4219 propinquabat:
388 4150 533 4208 excubitor
546 4153 646 4211 domus
672 4156 801 4215 inclamat
815 4160 959 4218 dormien-

152 4242 204 4303 tes,
218 4235 321 4307 quibus
338 4238 397 4309 ipse
408 4239 464 4308 jam
479 4240 661 4298 circumstans
677 4247 813 4304 exercitus
830 4265 891 4306 esse
912 4267 960 4323 po·

1012 3301 1077 3357 dum
1097 3317 1147 3373 pro
1160 3299 1267 3369 justitia
1283 3305 1311 3354 et
1324 3296 1494 3354 innocentia.
1523 3299 1584 3369 ipse
1598 3304 1715 3370 arrepto
1727 3297 1828 3353 Psalle·

1011 3394 1063 3458 rio,
1085 3400 1113 3449 et
1139 3393 1259 3465 primum
1280 3390 1378 3463 psalmi
1401 3407 1521 3458 versum,
1542 3389 1590 3463 qui
1621 3391 1758 3458 occurrit,
1780 3402 1827 3462 pro

1012 3486 1149 3558 praesagio
1163 3484 1321 3556 accipiens:
1348 3507 1360 3530 a
1384 3481 1519 3548 Quoniam
1545 3481 1670 3556 requiret
1696 3481 1827 3538 Dominus

1012 3578 1178 3651 sanguinein
1193 3591 1333 3633 servorum
1349 3590 1477 3644 sucrum;
1494 3597 1507 3626 a
1528 3575 1582 3631 hoc
1595 3573 1746 3644 subjunxit
1759 3573 1825 3630 ulti·

1011 3684 1104 3724 mum:
1120 3667 1218 3724 Videat
1228 3666 1370 3733 Dominus,
1390 3673 1418 3720 et
1431 3665 1564 3738 requirat.
1582 3664 1615 3720 Et
1628 3664 1756 3741 egressis
1769 3680 1826 3721 om·

1010 3760 1093 3815 nibus
1106 3768 1181 3816 extra
1196 3757 1367 3824 cubiculum,
1378 3764 1406 3814 et
1420 3757 1499 3830 quasi
1520 3757 1599 3831 agnis
1611 3756 1642 3811 in
1666 3757 1765 3814 medio
1784 3755 1826 3811 iu-

1010 3851 1139 3907 rientium
1154 3850 1185 3920 [l.
1206 3848 1365 3918 furentium]
1386 3847 1531 3919 expositis,
1551 3848 1613 3919 ipse
1628 3848 1758 3905 extensis
1770 3864 1826 3904 ma·

1009 3944 1102 4012 nibus,
1114 3950 1194 3998 terrae
1210 3942 1239 3996 in
1254 3942 1367 3998 modum
1382 3941 1472 3997 erucis
1486 3941 1684 4013 prosternitur,
1699 3948 1730 3997 et
1744 3955 1823 3997 orans

1009 4049 1071 4090 curn
1099 4030 1238 4102 lacrymis,
1265 4030 1294 4085 in
1322 4046 1421 4085 manus
1446 4029 1555 4084 bomini
1584 4028 1711 4084 animam
1749 4045 1822 4085 suam

1008 4121 1222 4191 commendavit,
1240 4128 1271 4177 ut
1285 4136 1367 4178 nemo
1382 4137 1503 4194 unquam
1529 4118 1701 4178 affectuosus
1713 4137 1745 4178 se
1771 4121 1823 4177 lico

1008 4213 1254 4271 commendaverit.

151 4326 362 4425 teratnuncius
388 4328 522 4384 horroris.
553 4331 641 4388 lestis
665 4334 764 4391 Christi
796 4320 997 4398 teutbertusl)
1044 4346 1088 4401 bl.
1105 4344 1253 4401 Carnilrces
1276 4345 1384 4400 interea
1403 4345 1552 4401 Petmmet
1573 4341 1822 4419 indoleeumper-

150 4420 284 4516 attonitus
303 4417 453 4517 gravedine
473 4420 606 4478 somniet
625 4423 665 4479 rei
684 4426 842 4497 acerbitate,
857 4430 958 4489 discat·
1008 4441 1147 4503 emerunt,
1161 4441 1189 4491 et
1203 4443 1339 4508 quotquot
1351 4433 1547 4491 ecclesiastice
1564 4433 1705 4490 clientelae
1721 4435 1821 4491 ibidem

149 4510 229 4560 ⁰¹³²¹⁸
257 4506 375 4576 pedibus
389 4509 486 4582 surgit,
514 4517 542 4567 θ(
555 4510 651 4584 arripit
666 4514 800 4590 gladium,
827 4520 904 4591 quasi
927 4538 958 4577 se
1007 4525 1182 4583 invenerunt.
1200 4526 1275 4582 Unus
1289 4526 1396 4583 ceteris
1416 4524 1606 4593 truculentior,
1623 4541 1745 4584 asceam
1761 4525 1821 4583 tecti

149 4613 270 4672 suosque
283 4601 463 4660 defensurus:
477 4605 526 4662 sed
543 4607 576 4662 ad
597 4624 626 4664 se
643 4625 779 4680 reversus,
796 4630 827 4670 se
845 4619 957 4674 temeri·
1007 4619 1139 4691 culmine,
1152 4636 1272 4693 eumque
1295 4621 1392 4677 videns
1411 4621 1563 4676 herentem
1579 4619 1641 4677 solo
1654 4621 1819 4693 pauimenti,

186 4853 277 4941 (ilidii)
292 4857 396 4924 Quibus
416 4877 449 4918 ea
469 4877 534 4919 cmx
557 4864 615 4948 uisa
631 4864 723 4938 luerit,
742 4868 842 4941 quibus
866 4874 956 4929 oecul-
1006 4879 1118 4930 auclore
1130 4873 1158 4928 t.
1176 4872 1307 4948 Gregorio
1328 4872 1437 4947 Magno,
1461 4871 1525 4928 data
1539 4877 1582 4927 est
1596 4869 1643 4927 die
1662 4870 1699 4928 21
1723 4870 1820 4939 ldartii,

149 4936 216 4997 tata,
233 4930 394 5005 sigebertus
418 4950 451 4988 ex
465 4936 523 4990 sola
536 4945 696 5006 coniectura
711 4939 815 4998 dixisse
835 4941 954 5014 videtur,
1005 4944 1052 5000 ubi
1069 4960 1130 5016 cap.
1145 4946 1162 5000 6
1177 4945 1228 5000 ista
1242 4944 1311 5001 risio
1321 4943 1450 5000 refertur.

150 5016 212 5056 narn
229 5003 399 5084 antiquiores
413 5003 560 5080 biographi
574 5016 680 5065 tantum
692 5011 796 5079 dicunt,
811 5029 872 5069 eam
888 5030 956 5071 non-

1042 5015 1133 5087 (1068)
1142 5017 1276 5098 'Sanctum
1292 5016 1401 5086 abiecto
1423 5028 1487 5070 mox
1501 5013 1607 5087 gladio,
1620 5027 1707 5087 quem
1723 5028 1820 5072 somno

148 5071 232 5131 nullis
246 5073 281 5128 dc
297 5091 358 5156 ipso
373 5077 503 5146 exercitu,
531 5079 575 5134 vel
600 5082 749 5138 exercitum
775 5087 956 5157 sequentibus
1005 5087 1096 5162 gravis
1108 5102 1196 5158 primo
1209 5088 1312 5143 mentis
1327 5089 1431 5159 impetu
1448 5086 1481 5140 ad
1504 5085 1548 5140 sui
1570 5083 1768 5143 defensionem
1782 5101 1821 5140 ar·

150 5143 186 5199 ita
199 5160 371 5272 agpamrsse.

1007 5159 1141 5231 ripuerat,
1167 5165 1290 5214 mutasse
1316 5157 1493 5221 senteutiam,
1510 5156 1589 5212 aiunt
1611 5156 1696 5212 etiam
1717 5156 1819 5213 Codes-

183 5214 207 5287 (l
230 5218 274 5284 66)
294 5217 322 5298 S.
338 5216 704 5300 Constantiniimperatoris
728 5232 806 5297 gesta
820 5227 954 5285 illustrata
1006 5229 1117 5285 chalcus
1131 5236 1159 5285 ct
1178 5231 1349 5301 Stephanum
1378 5229 1428 5284 sed
1444 5228 1478 5282 de
1502 5226 1608 5283 indicta
1622 5227 1675 5283 sibi
1691 5235 1819 5300 propter-

147 5288 260 5341 suntad
276 5287 395 5343 dtemil
421 5289 604 5370 ldarr‚·tbrque
620 5292 654 5348 de
681 5297 841 5379 prodigiosa
862 5315 953 5367 cruce,
1005 5316 1038 5356 ea
1053 5301 1216 5372 paenitentia
1241 5311 1339 5358 neuter
1362 5299 1499 5356 meminit.
1522 5298 1607 5355 Poeta
1632 5313 1818 5372 annouymus,

148 5372 230 5427 quam
246 5359 378 5414 adversus
391 5360 701 5445 Maxentiummoturus
715 5368 792 5449 vidit,
807 5378 898 5426 actum
914 5378 955 5427 est
1005 5388 1080 5428 num.
1097 5373 1150 5429 tlt
1173 5372 1335 5440 relatus,ex
1367 5386 1477 5427 rumore
1503 5368 1645 5427 tabulatus
1668 5377 1723 5438 est,
1756 5385 1818 5426 eum

148 5441 208 5499 cap.
225 5428 251 5486 3.
277 5430 364 5487 Voces
378 5431 485 5488 Graecas
505 5440 625 5504 restitui,
650 5452 712 5493 cum
735 5457 763 5494 in
791 5457 842 5497 ms.
860 5450 953 5500 nostro
1003 5443 1152 5515 septennio
1171 5444 1318 5515 poenitere,
1332 5444 1355 5499 si
1369 5444 1475 5500 viveret
1488 5443 1633 5498 statuisse.

148 5495 286 5571 legeretur
298 5501 399 5558 vitiose
418 5503 569 5575 liuthoyca.

184 5568 272 5641 liuor)
289 5571 349 5627 Vita
376 5574 404 5629 S.
433 5573 587 5644 Benedicti,
602 5575 711 5637 Ordinis
725 5581 768 5639 sui
789 5581 951 5649 fundatoris,

1040 5514 1131 5588 (tuoe)
1147 5516 1176 5570 iu
1192 5516 1269 5572 caede
1281 5514 1388 5574 scilicet
1399 5511 1468 5570 Calli
1484 5518 1511 5570 et
1524 5512 1626 5570 ilioldi.
