3720 6014
86 197 140 256 603
692 207 864 265 stelionum
884 207 1138 266 constituistis.
1218 274 1221 279 Ι
1698 212 1754 267 606

87 325 158 380 libus
171 341 218 381 nos
231 330 335 381 certium
347 333 387 381 cst
409 329 553 384 contulisse
576 330 638 387 locis
660 335 697 388 sit
723 335 893 406 acceptabile,
906 334 1020 409 Arabus
1031 339 1167 391 mercatus
1181 340 1295 403 atmna,
1308 338 1362 404 eqit
1385 351 1445 406 qua
1468 341 1518 392 ltea
1543 344 1622 394 nant
1639 341 1754 409 placita.

87 414 213 483 nobisque
227 414 260 468 ab
288 418 345 486 ejrcs
373 416 579 486 locupletissima
599 423 783 480 misericordia
810 425 894 494 diqno
942 431 1079 501 siquidem
1087 433 1168 500 jussu
1182 430 1358 486 illustrissimi
1379 431 1483 487 abbatis
1506 435 1551 488 sui
1568 434 1686 500 Erluini,
1702 449 1754 490 eu-

88 505 241 574 boujusmodi
265 507 306 575 pii
330 511 414 576 operis
433 511 463 562 in
489 510 596 567 adoreis
614 515 773 581 conseratur
786 516 894 574 arcibus
938 526 987 593 jus
1000 523 1088 578 locum
1101 537 1209 577 omnem
1228 522 1279 578 sub
1292 525 1423 592 reqimine
1437 525 1649 593 commendarat,
1663 528 1756 596 precio

87 600 279 653 remuneratio.
293 603 381 669 lqitur
406 604 471 672 quia
485 601 517 636 ⁷¹¹
544 605 715 674 pustulatiso
733 609 808 666 nobis
820 626 893 681 qua-
943 611 1126 668 amasiastico
1138 613 1331 682 impetrabilia
1351 627 1417 681 poqo
1431 617 1536 680 basau,
1553 614 1673 669 mediam
1684 630 1755 684 par·

88 691 163 744 tinus
171 704 222 759 pro
235 692 281 744 liei
304 696 492 764 omnipotentis
518 713 610 754 amore
633 714 665 755 uc
682 701 776 757 domni
792 706 894 760 otmnis
945 704 1134 760 lemoecclesioe
1147 717 1231 774 quam
1243 718 1300 759 non
1311 704 1417 759 tenebat
1437 703 1484 760 ³¹⁸.
1512 710 1579 760 arat
1601 709 1676 761 enim
1694 708 1755 776 ipsa

86 781 325 849 praecellentissimi
348 783 526 858 limperotoris
558 793 695 862 nostrique
724 794 814 850 diluti
843 796 895 862 filii
944 797 1002 852 edes
1021 797 1179 866 supradicta
1199 798 1349 851 maianis
1373 799 1445 851 inter
1470 801 1559 854 locum
1581 805 1757 856 nostramet

89 872 289 929 concederemus
301 881 381 946 atque
394 880 617 945 confirmaremus
644 883 719 940 nobis
742 886 894 963 madiolum
944 885 1080 955 quendam
1101 884 1217 940 nabilem
1243 886 1335 939 uirum
1356 883 1543 938 tundalum.
1568 887 1679 952 Accepto
1692 898 1756 953 erqo

88 971 284 1024 monasterium
297 972 436 1029 inbonore
460 978 549 1031 sancti
578 977 723 1035 saluatoris
751 997 783 1036 ac
806 984 896 1037 sancti
939 975 1038 1044 precib,
1054 978 1178 1042 “livill
1192 972 1322 1040 ‘immitis
1347 972 1417 1026 illim
1438 977 1624 1027 beasocralus
1639 971 1756 1026 ionium

90 1061 374 1131 retrocessionem,
408 1080 472 1120 cum
498 1067 622 1123 munus
648 1069 727 1125 rebus
753 1071 894 1128 amotum
941 1067 1061 1135 aretium
1072 1069 1098 1119 ιι
1112 1065 1222 1133 expecta
1244 1069 1353 1134 puram
1369 1063 1507 1119 raanan
1532 1060 1757 1133 ampttmtacnu

89 1158 169 1220 alque
182 1154 362 1212 immobilibus
388 1173 447 1226 quoe
471 1159 623 1216 subeodem
641 1165 895 1235 nmnusterioadja-
943 1159 999 1224 filio
1023 1161 1081 1229 ejus
1106 1157 1241 1225 ansfrido.
1272 1163 1339 1213 daun
1359 1158 1429 1212 wem
1443 1158 1599 1213 lambertus
1626 1157 1757 1213 advocato

89 1259 191 1300 cereae
202 1249 483 1317 pertinereoidentur,
512 1256 570 1307 tam
591 1257 695 1309 mansis
710 1270 793 1325 quam
811 1259 895 1312 etiam
943 1261 1006 1303 tam
1019 1247 1141 1313 tradidi&
1156 1252 1236 1316 billi
1261 1249 1301 1301 ita
1324 1248 1507 1315 omasoliduoil,
1535 1254 1565 1301 ul
1591 1248 1702 1316 imiimi
1725 1248 1757 1300 ²⁶²²

88 1336 193 1399 castris,
206 1337 276 1391 vidis
290 1341 528 1408 atquecacalibus,
545 1347 602 1396 tom
615 1346 663 1412 qui
673 1351 817 1415 praesentes
830 1352 895 1401 sunt
944 1355 1023 1396 want
1048 1355 1103 1396 non
1123 1343 1206 1410 possit
1228 1343 1342 1395 mutari.
1359 1340 1408 1396 Sed
1433 1355 1468 1395 ne
1493 1343 1551 1409 ipso
1577 1341 1757 1395 commutatio

87 1441 220 1497 quomque
233 1431 316 1483 eliano
330 1446 412 1500 usque
426 1435 455 1487 iu
473 1435 557 1499 finem
579 1450 633 1491 esse
655 1436 797 1505 debebunt,
809 1441 894 1509 posito
944 1434 1101 1500 auferetur
1140 1433 1171 1485 in
1201 1445 1280 1486 eoum
1309 1433 1392 1500 ipsius
1420 1431 1560 1486 tantbemi
1584 1432 1614 1485 in
1645 1429 1757 1485 cartula

87 1521 117 1573 in
131 1519 185 1575 loco
196 1523 244 1589 qui
254 1529 367 1576 vocalior
394 1522 540 1592 Gentinos,
556 1528 724 1584 concedimus
739 1535 820 1600 alque
830 1546 895 1586 con·
944 1519 1041 1577 mildi
1051 1525 1162 1590 pirella
1178 1522 1305 1589 imblim'l
1317 1521 1435 1589 tibilim·

86 1608 229 1673 firmanus
243 1612 386 1679 apostoleca
406 1617 568 1670 auctorante
586 1621 617 1671 ut
642 1616 674 1672 oc
692 1618 746 1673 atta
760 1625 896 1676 nunna-
981 1610 1007 1666 9.
1020 1610 1098 1667 tura
1110 1610 1145 1665 oa
1163 1610 1269 1682 pradia
1285 1610 1312 1665 tn
1326 1611 1390 1666 villa
1406 1611 1489 1683 Doro,
1511 1609 1585 1682 qnoo
1600 1609 1757 1683 rutquims

86 1700 127 1752 rio
139 1698 221 1754 abbas
236 1699 274 1754 ibi
286 1716 341 1756 non
353 1705 547 1769 constituatur,
562 1705 607 1760 sed
632 1708 683 1775 ipsi
707 1710 777 1762 seroi
790 1707 834 1763 del
852 1723 895 1763 se·
946 1701 1058 1775 quidam
1072 1709 1167 1758 sancto
1182 1701 1262 1756 Petro
1277 1702 1400 1770 tradidit,
1421 1709 1448 1758 ot
1462 1702 1497 1757 ud
1524 1701 1687 1757 memoriam
1702 1715 1759 1773 po·

89 1789 342 1860 cundumrcqulam
353 1795 443 1847 sancti
454 1794 756 1851 Benedntiuiuenterex
769 1812 820 1853 sua
832 1813 895 1868 pro·
945 1800 1080 1848 sterorum
1097 1790 1196 1846 litteris
1217 1791 1323 1847 exorari
1346 1807 1456 1847 causam
1484 1791 1571 1863 ipsam
1587 1789 1662 1847 iecit.
1679 1793 1759 1856 Quis·

87 1881 151 1949 pria
163 1883 367 1950 conqreqalc'one
390 1887 555 1952 potestatem·
575 1884 690 1953 eliqendi
708 1886 832 1942 aabbnlem
846 1889 895 1943 luo·
945 1887 1004 1955 quis
1018 1885 1084 1941 bene
1098 1885 1228 1955 possideat
1239 1899 1280 1939 res
1296 1887 1326 1939 in
1343 1886 1469 1954 presenti
1492 1885 1581 1939 seculo
1596 1884 1759 1953 adquisitos,

90 1975 179 2029 beant.
194 1975 280 2031 abtas
291 1978 438 2047 prtulaqrn
451 1979 519 2035 sein
544 1982 692 2050 apostatica
714 1983 897 2051 insulsitas
948 1977 1093 2047 nautum
1107 1977 1338 2047 qttsncpcssiou,
1351 1980 1398 2046 qut
1409 1977 1441 2032 oe
1459 1979 1572 2032 ιιιιιιιιι
1591 1991 1624 2031 nc
1649 1977 1761 2031 caduces

90 2069 181 2130 ratur,
207 2070 238 2120 ul
263 2067 313 2123 sub
333 2071 522 2138 jurisdictione
546 2079 648 2127 sanctae
676 2079 775 2128 nostra
789 2079 834 2130 cui
848 2080 897 2132 beo
947 2069 1269 2124 tibimtrbllluroeltmb·
1296 2071 1382 2133 Quam
1406 2069 1438 2125 ⁰0
1452 2084 1510 2124 lim
1535 2083 1581 2137 ⁶90
1608 2071 1700 2123 mliii
1711 2082 1762 2123 Μ·

91 2156 375 2213 auctoredesernimus
394 2161 518 2216 aecclesia
537 2158 716 2218 constitutum
742 2165 897 2220 nulliusal-
947 2163 1178 2233 mineFulquinus
1200 2179 1263 2220 oum
1290 2165 1399 2219 consilio
1422 2163 1462 2218 uel
1476 2163 1762 2232 suosubeniqnissimi

91 2249 174 2303 terius
193 2250 306 2304 ecclesia
329 2252 551 2320 jurisdicionibus
572 2254 760 2322 submittatur,
789 2263 815 2312 et
841 2259 898 2314 ideo
949 2255 1089 2312 rorabant
1101 2258 1215 2325 episcopi
1225 2270 1274 2325 pro
1297 2256 1385 2311 salute
1409 2258 1510 2309 anima
1528 2255 1612 2310 beata
1623 2257 1763 2309 minaria

91 2340 233 2409 cujuslibet
246 2341 531 2413 acclesiaepiscopum
544 2346 574 2398 in
600 2347 715 2415 praefato
737 2351 899 2405 monasterio
949 2351 1068 2406 bunarii
1081 2353 1204 2420 episcopi,
1218 2353 1302 2420 ipsi-us
1326 2353 1410 2405 eliam
1435 2350 1586 2416 Foraberlc',
1611 2365 1659 2419 pro
1672 2351 1765 2405 solute
1807 2416 1813 2427 .

90 2434 202 2489 dicionis
215 2435 361 2503 quamlibet
386 2437 482 2492 babere
505 2443 695 2496 auctoritatem
718 2443 897 2511 probibemus,
948 2441 1139 2495 nichilominus
1165 2442 1267 2495 anima
1292 2455 1359 2495 ruere
1387 2441 1559 2509 filiorumque
1586 2454 1619 2494 ac
1637 2441 1765 2506 fratrum

91 2526 146 2578 nisi
160 2529 270 2579 tontum
283 2525 454 2582 beracdlcendi
468 2528 566 2583 babeat
580 2530 735 2598 liceutium;
750 2536 898 2585 statuentes
948 2547 1080 2599 auorum
1101 2535 1157 2588 s'we
1183 2547 1286 2602 quoque
1319 2535 1409 2601 qratia
1435 2532 1497 2585 bila
1522 2533 1619 2586 salutis
1644 2531 1722 2585 trodo
1735 2536 1765 2586 el

32 2686 34 2691 Ι
91 2618 235 2686 apostolica
248 2634 362 2675 censura
375 2627 628 2692 alqueauctarilale
650 2625 807 2681 beatil‘etri
829 2641 897 2696 apo·
945 2620 1138 2690 pepetuatiter
1162 2619 1250 2675 tribuo
1273 2620 1395 2675 oecclnioe
1422 2625 1524 2674 sancta
1545 2622 1592 2674 liei
1621 2621 1763 2689 qenitricis

90 2709 220 2764 stolorum
231 2714 372 2782 principis,
387 2713 437 2768 sub
450 2715 537 2770 diuini
554 2717 655 2785 judieii
671 2717 845 2774 obtestatione
866 2733 899 2773 ac
948 2712 1038 2764 Mari&
1057 2709 1179 2780 biblique
1207 2712 1280 2764 Petri
1307 2710 1606 2778 apastoliopostolarum
1625 2711 1762 2777 principis

90 2797 186 2852 validis
199 2806 279 2868 alque
292 2803 464 2858 atrotioribus
491 2806 674 2860 anathematis
702 2806 899 2863 interdictioni·
948 2803 1029 2868 atque
1045 2800 1136 2854 sancti
1159 2798 1299 2868 exuperii,
1326 2800 1357 2852 in
1379 2799 1432 2852 loco
1457 2797 1584 2852 uocabulo
1614 2797 1760 2852 Geunblous

92 2890 140 2946 bus
155 2897 185 2946 ut
202 2892 295 2947 nullus
308 2910 430 2963 unquam
445 2901 598 2951 raoslroram
613 2913 797 2953 successorum
811 2901 899 2968 ponti-
949 2890 995 2946 nbc·
1011 2905 1121 2961 praeesse
1147 2890 1297 2946 dinuscitur
1325 2891 1438 2945 illustris
1464 2889 1546 2944 obbas
1569 2889 1696 2944 Elluinus
1726 2888 1763 2923 ⁷²⁸

92 2983 175 3048 ficum
188 2982 229 3036 ael
241 2984 299 3037 olio
310 2999 320 3053 q
331 3000 398 3039 arua
407 3001 679 3058 moqnaquepersonu
691 2990 795 3059 aliquid
808 2991 840 3045 de
855 3007 899 3046 re·
914 2987 1081 3061 Cquoddam
1090 2988 1163 3056 juris
1177 2989 1231 3041 mei
1258 2986 1393 3057 proclum
1413 2988 1443 3040 in
1468 3000 1535 3054 paqo
1553 2984 1715 3038 braimbant
1732 2986 1764 3038 in

93 3072 142 3127 bus
159 3075 201 3127 uel
213 3077 417 3142 possessionibus
436 3079 470 3132 od
488 3080 559 3134 idem
578 3081 776 3150 pertinentibus
802 3098 898 3138 mono-
948 3080 1003 3133 loco
1015 3081 1061 3148 qui
1073 3079 1174 3133 dicitm
1200 3083 1269 3147 Dorp
1293 3093 1356 3133 eccm
1384 3078 1497 3131 dimidio
1511 3077 1640 3141 arausio,
1655 3082 1759 3130 etcum

92 3166 206 3219 sterium
218 3168 376 3235 onsemeoel
390 3171 511 3226 alienare
520 3179 678 3242 prasumat.
687 3176 716 3227 Si
724 3176 783 3243 quis
795 3181 897 3243 orclem,
948 3185 1005 3224 uno
1018 3168 1124 3237 carabo,
1139 3176 1164 3225 el
1176 3171 1289 3226 sedecim
1312 3171 1425 3232 anama,
1453 3173 1479 3222 et
1504 3184 1567 3224 cum
1581 3167 1697 3238 quodam
1711 3168 1761 3222 lto-

91 3260 161 3328 quod
174 3275 229 3316 non
238 3262 382 3331 credimus,
391 3268 497 3332 nefario
504 3282 574 3324 (quau
582 3284 668 3338 parva
680 3285 833 3342 mamque
839 3286 898 3341 pgr.
948 3261 1022 3315 mine
1034 3261 1143 3314 nornine
1155 3263 1219 3325 iser,
1234 3273 1281 3314 seu
1294 3274 1358 3314 earn
1371 3257 1496 3312 omnibus
1511 3257 1609 3311 ibidem
1622 3257 1762 3323 aspicien-

90 3365 157 3406 sona
178 3358 273 3409 contra
294 3356 342 3410 bac
367 3363 491 3413 nostrum
530 3361 703 3430 apostolicum
725 3365 899 3433 privileqium
948 3351 1103 3418 biblicum
1113 3351 1234 3405 dlml'biss
1257 3356 1284 3405 3²
1309 3350 1437 3416 adificiis,
1466 3350 1578 3417 campis,
1605 3349 1684 3413 illiti
1699 3353 1760 3401 iam

90 3456 169 3510 oqere
181 3450 358 3515 arruptaoerit
378 3451 447 3504 solat
468 3465 496 3506 se
515 3453 701 3508 anotlrumulis
726 3455 834 3510 vinculo
845 3468 899 3510 esse
949 3443 1027 3498 bullii
1041 3443 1250 3513 inambulanti,
1264 3443 1348 3508 silvii,
1362 3443 1460 3511 malus,
1484 3442 1592 3510 lisinii
1606 3441 1763 3494 immuni·

89 3537 261 3608 innadolum,
278 3556 311 3596 ac
324 3557 341 3596 a
355 3557 436 3613 reqna
448 3548 495 3599 oei
508 3546 630 3601 alanum
641 3563 674 3602 aq
696 3562 760 3602 cnm
775 3547 899 3602 omnebus
949 3534 998 3590 bus
1010 3538 1154 3606 etpumia,
1175 3537 1252 3605 aquis
1277 3548 1445 3604 aquarumve
1468 3532 1632 3599 decursibus,
1653 3530 1764 3586 mobili-

91 3632 180 3699 impiis
203 3637 301 3689 atomo
319 3635 438 3690 incensa
460 3639 589 3707 supplicio
614 3639 850 3709 condempnatum,
865 3643 900 3694 ,qq
950 3621 998 3678 bus
1012 3629 1038 3678 et
1052 3623 1241 3689 immobilibus,
1267 3623 1409 3692 praesidiis,
1434 3622 1557 3691 pecoliis,
1583 3622 1712 3676 omnioet
1728 3633 1765 3674 eu

91 3736 152 3778 uero
175 3727 222 3793 qui
242 3725 392 3782 obseruator
417 3732 536 3784 eatiterut
555 3734 690 3801 precepti,
723 3733 843 3800 qratiam
868 3746 900 3785 ac
950 3718 1212 3788 omnibusquicquid
1237 3721 1267 3773 ²72
1291 3721 1345 3787 ipsa
1360 3719 1414 3775 100⁰
1438 3723 1530 3773 'wilm
1543 3716 1764 3784 videlillllliissi·

92 3812 304 3867 misericordiam
316 3817 453 3884 uitamque
475 3822 635 3873 alernama
656 3819 901 3874 misericordissimo
949 3815 989 3868 sio
1005 3811 1046 3866 uel
1062 3811 1219 3878 dominatio,
1245 3824 1302 3865 rem
1327 3813 1490 3880 acquisitam
1513 3815 1539 3864 et
1552 3810 1763 3877 inexquisitam,

94 3903 201 3958 duritino
214 3907 264 3958 lieo
277 3906 463 3975 multipliciter
488 3916 676 3978 consequatur.
691 3912 827 3980 Scriptum
850 3926 902 3980 per
952 3912 1038 3962 totum
1052 3912 1077 3960 et
1087 3904 1122 3960 od
1134 3906 1270 3972 iruteqram
1283 3909 1341 3958 tam
1354 3903 1385 3958 de
1401 3903 1476 3958 alodo
1490 3902 1525 3936 “¹²⁵
1539 3917 1621 3971 qoam
1633 3902 1665 3955 de
1679 3916 1757 3956 oom-

95 4010 212 4050 monum
236 3999 371 4064 bonifacii
396 4003 499 4053 notarii
531 4004 679 4070 reqionarii
704 4018 736 4057 oc
763 4005 902 4058 scriniarii
950 3999 1047 4064 parato
1055 4009 1103 4048 Μ
1112 3992 1266 4063 deilwll'bssi
1279 3992 1483 4057 “illeilllbsssd
1501 4004 1548 4045 ²20³
1567 3990 1664 4044 ibidem
1678 3989 1760 4045 dilw-

94 4089 203 4140 ttmcloe
214 4088 340 4141 Romana
349 4089 482 4156 aeclesia,
498 4091 528 4143 in
542 4104 633 4145 meme
648 4094 750 4159 Marta,
773 4093 903 4148 inditione
951 4089 1037 4142 scitur
1048 4087 1208 4156 peruenime,
1235 4083 1267 4138 de
1290 4088 1380 4140 nostro
1388 4087 1453 4154 jure
1467 4089 1492 4138 ot
1504 4083 1687 4138 dominatione
1700 4085 1765 4151 jam

97 4173 481 4245 undecima.oeneoalete.†
502 4178 792 4235 obtunsionibus
819 4183 900 4250 Apri·
952 4176 1022 4232 dicto
1034 4167 1197 4231 monasterio
1214 4190 1261 4245 per
1282 4177 1354 4230 banc
1380 4174 1516 4230 cartulam
1539 4175 1692 4230 donationis
1706 4176 1765 4227 siue

98 4265 131 4319 lis
156 4278 205 4334 per
230 4281 329 4322 manus
352 4266 483 4338 Steplcani
514 4272 627 4340 episcopi
652 4286 685 4326 ac
711 4272 906 4328 bibliothecarii
952 4286 1002 4341 per
1020 4274 1154 4340 festinam
1180 4276 1259 4339 atque
1272 4270 1437 4339 andeloqum
1459 4270 1494 4324 od
1515 4285 1581 4339 opas
1604 4274 1765 4323 sanctarum

100 4364 202 4414 sancta
225 4360 293 4415 sedis
316 4362 474 4431 apostolica,
506 4378 580 4418 cunno
606 4365 780 4434 pontificatus
813 4363 905 4418 domni
954 4375 1069 4431 quorum
1078 4363 1336 4428 mantionemsupra
1360 4360 1558 4427 fecimusodic
1576 4358 1766 4427 proesentido-

103 4454 188 4506 nostri
200 4453 334 4508 Benedicti
344 4457 509 4509 sanctissimi
535 4458 642 4526 septimi
663 4471 741 4525 popa
753 4469 834 4522 nono,
850 4457 906 4509 im-
958 4450 1765 4520 nomas,tradimusatqucpcrpetualiterinomnibustrans-

102 4550 216 4612 perante
226 4546 322 4601 damno
334 4550 424 4601 nostro
442 4550 535 4603 ollone
557 4564 574 4603 a
594 4551 645 4603 beo
671 4552 797 4604 emanata
810 4561 909 4616 maqno
957 4543 1160 4607 firmamus,'eu
1180 4554 1240 4594 acro
1263 4542 1368 4595 riulione
1395 4545 1427 4593 ut
1449 4545 1620 4608 preceptores
1644 4538 1768 4606 predicte

104 4651 137 4692 oc
159 4639 272 4707 pacifico
298 4640 458 4707 imperatam
483 4655 556 4696 anno
581 4639 628 4696 t6⁰
653 4643 684 4694 m
713 4653 804 4695 mense
826 4654 909 4709 snpra
957 4629 1273 4685 monasteriiubbacdie
1287 4628 1470 4695 lncbobeanl,
1487 4632 1689 4695 taneualatque
1700 4642 1766 4695 pos·

102 4731 200 4798 scripto
211 4744 244 4784 aa
262 4729 395 4786 indicione
409 4733 552 4787 anamma
567 4731 624 4804 (an,
643 4732 716 4802 psa)
957 4720 1074 4786 sideont,
1102 4720 1143 4774 vel
1164 4719 1290 4788 quicquid
1315 4718 1377 4773 inde
1401 4720 1491 4786 [acere
1504 4719 1638 4773 voluerint
1650 4717 1767 4771 liberam

138 4819 165 4874 8.
182 4818 312 4876 Pratitas
339 4829 511 4881 constructor
530 4824 761 4880 Gemmetaconsis
788 4823 908 4880 coenooit
959 4815 1301 4881 martuniani-meurisse
1323 4815 1436 4883 propino
1456 4815 1485 4867 io
1501 4813 1625 4868 omnibus
1646 4811 1767 4866 babeant

104 4911 170 4965 cmii
186 4910 362 4968 medietatem
389 4914 521 4970 aecclesias
549 4917 576 4972 in
599 4916 664 4972 villa
693 4915 909 4984 trutinandus
957 4910 1123 4973 Wlfflillim·
1150 4906 1183 4956 El
1205 4904 1230 4957 δι’
1256 4905 1315 4971 ‘1²‘ss
1329 4903 1461 4971 deinceps,
1486 4903 1767 4972 quodsutarumesse

103 5004 215 5059 alteram
232 5005 417 5071 medietatem,
433 5023 496 5080 quse
510 5025 560 5064 sua
569 5008 669 5075 luerat,
681 5016 782 5065 nostrae
791 5008 909 5064 tradide-
958 5009 1013 5050 ἤθη
1022 4993 1108 5061 ΜΟ»
1123 4997 1147 5048 ⁸5
1158 5008 1204 5063 ⁶90
1216 4996 1280 5063 ipse,
1295 4995 1363 5063 llwd
1373 4995 1453 5062 “hild
1464 4999 1514 5049 ‘2²⁴2
1527 4996 1671 5062 quisquam
1685 4991 1768 5045 delle·

103 5100 144 5148 rat
174 5093 316 5159 acclesiae,
345 5101 376 5151 ut
406 5102 513 5152 constat
545 5112 578 5152 ex
607 5097 795 5170 descriptione
827 5098 909 5168 hujus
958 5082 1064 5137 &dibni
1081 5083 1207 5136 ''iiiiii“
1226 5081 1577 5151 lbfflll'lfflssbisslallili‘mll
1595 5095 1654 5150 quoe
1669 5085 1766 5135 amira

103 5191 183 5240 curlae
196 5201 204 5239 s
959 5179 1030 5232 lianc
1038 5183 1176 5232 cartulam
1188 5177 1340 5233 donationis
1350 5180 1441 5232 uenire
1453 5184 1502 5231 <tut
1515 5177 1686 5231 colurnniare
1705 5190 1768 5230 eam

138 5279 308 5347 †Aqnoscot
329 5277 365 5313 ”¹
392 5293 586 5349 quemcumque
611 5283 657 5335 liei
681 5281 795 5351 possidet
819 5284 909 5348 timor,
957 5278 1167 5346 presumpserit,
1180 5282 1205 5330 et
1218 5291 1246 5331 se
1258 5275 1355 5331 ariade
1366 5289 1421 5330 nan
1434 5273 1612 5340 subtraxerit,
1629 5272 1769 5325 alimini-

101 5375 167 5442 quio
180 5373 295 5428 domnus
312 5375 472 5445 Wicbpertus
486 5378 536 5430 Dea
553 5374 667 5443 deditus,
688 5377 793 5432 amasis
804 5375 910 5432 secula
960 5373 1008 5427 bus
1021 5377 1123 5426 sancta
1140 5374 1186 5427 Dei
1200 5372 1323 5426 acclesiae
1345 5371 1594 5425 incommunicatus
1619 5371 1644 5421 ct
1669 5366 1773 5446 aliuisu⁸

781 5472 891 5529 vtlttAE
902 5470 1093 5536 tetricam,

100 5569 172 5634 ΠΙ
187 5571 216 5622 iu
228 5570 404 5649 decoratam,
418 5573 453 5607 ³¹²
467 5591 485 5646 g
496 5575 729 5644 jomcrasurnast.
776 5575 811 5610 ⁷²³
825 5591 908 5632 manu
922 5574 1146 5638 manuliillilum,
1176 5579 1205 5629 ut
1231 5577 1260 5629 ut
1280 5572 1583 5628 alianonnulluaoccs.
1632 5567 1665 5600 ³¹⁸
1682 5568 1723 5620 ito
1743 5580 1767 5619 c.

102 5639 137 5676 ⁷²⁵
151 5639 253 5695 allodio
272 5646 456 5714 superscripto
466 5645 507 5700 sot
522 5645 603 5702 aloto
617 5663 639 5700 c.
