3720 6014
93 227 148 284 eet
633 226 739 281 desua
759 225 914 282 abbatuli
937 225 1221 282 eellnthctertstult.
1709 241 1763 299 598

91 355 218 424 feruoris,
234 357 391 425 alacritatis,
408 358 436 412 in
451 357 577 418 aduenis.
595 356 624 411 in
639 372 792 427 pauperum
812 362 900 411 cater-
916 359 939 427 Α
953 355 1035 422 Quem
1047 371 1165 424 pressam
1177 373 1278 427 porceto
1292 360 1379 426 sarem
1392 365 1524 432 pubesque
1536 366 1642 436 cibique

90 449 143 505 ris.
158 450 232 506 Sane
248 465 296 522 pro
317 450 423 505 meritis
437 450 577 525 condigna
606 449 761 520 rependere
781 456 904 518 nouerat,
994 443 1286 503 escenditaescendit
1298 449 1490 517 probotuuiri.

91 538 266 610 simplicibus
281 538 466 595 misteriorum
498 536 701 608 profunditates
728 538 903 610 depromere,
954 535 1088 590 AEsoricm
1101 538 1150 604 qui
1163 540 1219 590 tom
1232 539 1308 592 tumui
1321 540 1581 612 mrpmderotescc,

94 630 123 686 in
138 631 280 687 solvendis
290 647 322 687 ac
332 630 507 702 opponendis
521 646 604 706 sagax
619 630 834 686 assertionibus.
850 632 902 687 hd·
990 626 1046 692 Ouo
1064 628 1274 697 frenolamopis
1288 646 1369 700 qaam
1382 636 1608 704 saturatosore83

91 738 189 780 versus
201 724 383 797 malignomm
397 722 534 795 procellas
548 723 645 798 uigens
663 739 696 780 ae
721 724 839 791 solidus,
854 741 902 782 re·
952 717 987 770 Ei
1005 717 1068 770 Silio
1086 715 1211 772 ardorem
1218 719 1325 774 modico
1337 719 1487 778 dimoverat
1500 725 1584 780 ιιπάα.

91 815 144 872 bus
160 816 188 872 in
200 815 323 873 aduersis
336 816 501 874 submittere
519 817 618 874 nolens
640 819 775 884 animum,
790 817 900 874 sobrius
988 805 1027 862 Ne
1039 808 1095 860 idm
1108 808 1312 874 exiilwisslmi
1325 823 1407 879 duom
1421 814 1555 881 emtam
1563 815 1659 884 jacea

92 924 144 979 per
156 909 383 981 pacisprospera.
402 909 585 966 dedundabat
602 925 681 966 amor
707 915 736 965 et
763 909 846 964 timor
870 909 898 964 in
953 896 1062 950 mollin
1074 912 1119 951 ΟΝ
1130 899 1398 970 Gabeniiiludduel'b
1412 903 1639 972 ⁰⁰rd³v⁰ldi⁰bh

93 997 224 1064 subditis,
233 999 332 1068 dogma
347 998 490 1054 redolebat
504 998 532 1053 in
544 998 675 1066 alumnis,
692 998 723 1052 ht
737 1012 801 1053 uero
816 1013 898 1069 quem
987 988 1059 1041 Pam
1071 989 1142 1058 ΨΜ
1156 992 1187 1043 5⁷¹
1198 992 1253 1044 ⁵0²⁰
1266 1006 1320 1046 'wo
1336 992 1399 1047 bene
1415 996 1578 1067 viviilwmo·

94 1090 170 1146 nulla
189 1090 601 1163 quiveruntaduersamouere,
630 1089 694 1167 licet
708 1104 859 1146 concussus
873 1096 901 1146 et
951 1077 1221 1146 sedvidiufssmssdfs
1237 1082 1661 1158 iel'bfmfldillssici'mrawdlw

88 1182 208 1250 jactatus
221 1183 256 1237 sit
274 1180 408 1238 molestiis
432 1180 549 1245 acerbis,
570 1179 713 1235 contendit
733 1179 834 1252 iugiter
845 1178 900 1232 vir·
987 1170 1128 1240 Porpoidoe
1143 1172 1210 1226 ludis
1222 1174 1327 1239 9⁰¹¹&ss
1338 1178 1485 1247 viiasssslil'i·

91 1277 180 1326 tntum
195 1270 327 1343 gradibus
344 1269 468 1340 polorum
480 1268 614 1324 scandere
629 1283 722 1342 regna.
738 1265 899 1323 llouitenim
950 1259 1084 1314 lnoomboo
1098 1264 1186 1315 noctes
1199 1263 1242 1316 bic
1261 1261 1296 1295 ⁷⁰⁶
1308 1265 1408 1318 ducere
1419 1281 1480 1336 sepe
1496 1272 1597 1336 metus,

91 1361 166 1432 quod
187 1360 295 1417 felicem
324 1360 472 1432 tranquilla
499 1358 683 1424 nonlaeiant,
711 1372 805 1412 verum
821 1371 900 1411 mens
986 1348 1116 1404 Pulsoboi
1130 1350 1306 1418 colidelibua
1319 1357 1472 1423 astrapaea.

89 1451 144 1506 sibi
160 1451 233 1507 bene
243 1450 355 1507 conscia
370 1459 473 1522 quanto
493 1449 580 1524 magis
594 1448 730 1514 atteritur,
747 1453 824 1501 tanto
840 1461 900 1499 am·
950 1437 1081 1504 Pewidill'
1096 1453 1165 1492 euru
1179 1441 1263 1505 (mei
1274 1440 1385 1509 optabat
1395 1442 1523 1498 dodones·

89 1540 165 1611 plius
177 1539 358 1611 splendescit.
380 1539 484 1594 Gaudia
499 1553 610 1611 quoque
626 1536 724 1591 lubrici
740 1533 827 1589 secali
843 1548 898 1604 quo
985 1527 1106 1598 Spiritui
1119 1546 1214 1600 ceperas
1227 1531 1340 1586 menbra
1354 1534 1467 1590 subacto
1485 1535 1561 1604 dore,

91 1630 180 1699 magis
191 1629 333 1684 vernando
349 1628 383 1662 ³⁰⁸
413 1628 517 1698 pollent
532 1635 560 1682 et
587 1625 687 1696 amplis
701 1640 732 1679 se
747 1622 898 1695 spaciando
948 1619 1091 1676 blandiciu
1106 1627 1136 1678 ut
1146 1625 1236 1679 cordis
1251 1639 1401 1695 superoque
1418 1627 1517 1682 ardore
1529 1631 1644 1685 calcatos

91 1719 205 1775 trahunt
237 1717 403 1783 incessibus,
433 1718 486 1772 hoc
509 1715 629 1787 amplius
660 1713 748 1769 noctis
774 1717 897 1767 tartaree
982 1713 1235 1781 Arceretstommos,
1251 1717 1559 1784 cumeobepaedutcs.

88 1810 211 1866 subeunt
221 1811 383 1881 penetralia,
412 1809 578 1881 sublatoque
594 1805 698 1861 lumine
716 1811 799 1860 ruunt
812 1810 899 1859 morte
952 1805 1037 1875 thne
1049 1807 1157 1861 aruimus
1171 1809 1233 1862 ecto
1238 1808 1344 1877 jupiter
1353 1824 1497 1878 suspensas
1516 1812 1624 1879 inesset,

88 1903 243 1975 perimente
254 1901 395 1974 pestilera.
413 1902 484 1963 Saurc
500 1910 646 1971 patronum
662 1913 746 1968 supra
761 1911 897 1951 memoro·
984 1895 1024 1949 Ao
1038 1897 1235 1966 teanensibus
1247 1897 1308 1966 pom
1323 1900 1570 1969 superbientem,

88 2001 146 2046 tum
168 1991 249 2046 laude
264 1989 459 2063 dignissimum
471 2006 533 2045 cum
554 1991 678 2044 clausum
688 1996 766 2057 septa
776 1986 897 2042 eeenobii
947 1983 1063 2040 ocestts
1078 1987 1153 2041 verbi
1162 1987 1363 2042 meditomcriin
1375 2004 1419 2044 ore
1435 1991 1551 2056 tenebat,

89 2089 217 2138 tenerent
232 2084 423 2139 absconditum
444 2082 558 2146 mundo,
571 2096 666 2138 uerum
677 2088 810 2138 vernante
822 2079 896 2150 polo,
982 2077 1121 2130 lust-itiam
1140 2080 1273 2144 esuriens,
1285 2078 1426 2147 justitiam
1440 2082 1545 2136 sitiens.

88 2178 185 2242 utpote
199 2172 495 2242 sidussplcndilluum,
517 2172 598 2227 dictis
618 2158 719 2242 parite'r
747 2168 896 2225 etactihus
932 2237 933 2240 Ἴ
982 2164 1008 2217 d.
1022 2163 1067 2219 llis
1080 2166 1188 2221 vivendi
1205 2166 1379 2225 documentis
1406 2186 1461 2225 non
1490 2175 1596 2225 tantum
1618 2171 1752 2239 initiatus,

88 2262 197 2335 pollens
213 2263 448 2335 radiabatubique
464 2282 472 2330 ;
488 2263 715 2319 monachiseliam
731 2261 895 2317 elericorum
945 2255 993 2310 sed
1009 2256 1043 2310 ad
1058 2256 1257 2327 plenitudinem
1274 2276 1361 2332 usque
1388 2262 1537 2328 institutus,
1554 2262 1621 2317 vixit
1653 2264 1681 2317 in
1697 2264 1753 2320 cle·

88 2356 266 2411 contionibus
281 2356 393 2411 lormam
409 2356 471 2411 uitae
503 2372 588 2427 super
615 2353 896 2411 astraierentistotis
946 2345 1038 2400 ridelis
1060 2347 1166 2401 ordinis
1181 2349 1274 2403 habitu
1296 2367 1377 2421 quam
1407 2351 1495 2420 potuit
1520 2351 1688 2407 laudabilius
1703 2353 1751 2408 ¹⁰¹.

87 2448 196 2504 nisibus
209 2448 301 2504 celebs
317 2449 490 2509 ostendebat,
502 2458 529 2504 et
543 2449 577 2503 ad
593 2447 713 2502 caelestis
723 2445 893 2501 consortium
945 2437 998 2490 Sed
1012 2438 1078 2508 quio
1093 2439 1151 2507 ipse
1163 2440 1295 2495 Dominus
1319 2457 1382 2510 piam
1406 2442 1567 2498 hereditatis
1589 2450 1632 2498 est
1644 2443 1753 2501 clericis
1771 2473 1773 2477 ⁴

89 2536 308 2592 llicrusalcmde
337 2537 424 2592 noetis
456 2538 526 2592 valle
555 2544 678 2602 uocatos,
695 2534 895 2607 queritantem
947 2537 1099 2592 seeundum
1115 2554 1217 2594 nomen
1232 2557 1311 2596 suum
1323 2542 1396 2612 (892)
1413 2541 1440 2595 in
1456 2549 1558 2597 sortem
1574 2543 1682 2599 Domini
1695 2543 1754 2599 ele-

87 2630 221 2704 gradihus
250 2629 318 2684 lucis
332 2629 465 2684 scandere
500 2628 598 2684 itinera
626 2637 775 2684 certarent.
804 2626 898 2680 multis
947 2620 1754 2705 ctis,'arnbiebatsagaciter,utluneshereditatiseederent

89 2722 180 2777 modis
199 2722 368 2777 hortabatur.
390 2721 496 2776 Talium
512 2721 664 2791 siquidem
685 2719 799 2775 floribus
821 2719 896 2774 redi·
947 2720 1000 2775 sibi
1016 2723 1042 2777 in
1059 2723 1206 2793 praeclaris.
1223 2724 1445 2796 ldeopmhciens
1465 2726 1499 2781 de
1515 2725 1616 2781 uirtute
1630 2727 1656 2780 in
1668 2727 1753 2783 virtu·

89 2813 172 2869 mites
184 2814 336 2870 studiorum
359 2815 420 2870 uitae
450 2815 601 2885 perhennis
631 2814 737 2869 serniua
764 2815 897 2867 lrunrana-
949 2825 1014 2882 tcm,
1031 2817 1064 2871 dc
1084 2817 1223 2872 canonicae
1235 2819 1336 2893 regulae
1351 2820 1437 2894 gradu
1464 2819 1497 2875 ed
1510 2821 1678 2876 monachicae
1690 2820 1753 2878 vitae

87 2923 148 2962 rum
167 2908 298 2962 mentium
315 2923 410 2963 serens
425 2907 596 2978 praecordiis,
614 2905 831 2960 innumerabiles
845 2905 896 2960 ho·
948 2906 1072 2960 ascendit
1088 2905 1297 2961 sublimitatem.
1315 2908 1366 2963 Ubi
1393 2924 1448 2964 non
1473 2909 1553 2964 aliter
1579 2909 1645 2964 uixit
1670 2927 1752 2981 quam

87 3002 194 3057 minum
210 3004 360 3074 phalanges
375 3002 897 3074 propriisinstitucnsexemplismoxia
911 3037 935 3106 C
949 2996 1018 3051 ulios
1037 2996 1129 3050 uivere
1144 2996 1237 3051 docuit
1254 3014 1260 3049 :
1281 3013 1351 3068 quos
1369 3013 1420 3052 suo
1436 2998 1562 3068 exemplo
1578 2998 1613 3052 ad
1626 2998 1752 3066 ejusdem

89 3096 186 3151 mundi
200 3097 344 3168 despicere
357 3104 385 3154 et
399 3098 509 3153 salubre
529 3099 640 3154 uiuendi
656 3097 830 3169 propositum
846 3096 899 3153 do·
950 3086 1188 3158 lll0ll0⁵i¹ii¹¹li¹1¹¹¹
1203 3086 1411 3157 SUSCiPiessdUffl
1428 3088 1549 3153 ailisisti
1574 3087 1666 3143 Sciens
1677 3087 1754 3158 illm

88 3188 146 3246 cup
160 3189 247 3243 adire,
950 3178 1116 3233 dominicam
1132 3193 1238 3244 uocem,
1254 3178 1319 3248 quia
1344 3183 1390 3249 qui
1404 3180 1540 3234 dominico
1553 3180 1686 3234 mandute
1700 3179 1754 3234 sol·

123 3280 151 3336 3,
168 3280 228 3335 Haec
243 3281 279 3336 dp,
294 3281 458 3336 rudimentis
470 3281 533 3336 vitae
548 3288 575 3336 01
589 3280 779 3336 conversionis
795 3279 898 3334 Erluini
948 3275 989 3325 vii
1001 3276 1025 3325 ei
1039 3272 1106 3324 ttit'dt
1121 3287 1153 3324 tte
1167 3271 1272 3324 soldani
1286 3271 1371 3335 doceb,
1387 3273 1515 3325 tnt'ttt'mtts
1534 3275 1563 3325 lslt
1577 3286 1657 3338 reddo
1676 3271 1754 3326 boelb·

89 3372 199 3428 abbatis
212 3373 388 3442 supradictus
402 3373 521 3444 scriptor
536 3372 632 3443 inipso
642 3371 757 3427 rationis
773 3368 899 3442 proemio
950 3379 1009 3418 rum
1024 3365 1114 3418 ooonri
1127 3363 1207 3417 hebet
1219 3362 1319 3429 (Mettis
1344 3379 1370 3426 u,
1383 3362 1437 3428 lb).
1454 3362 1626 3433 Quapropter
1643 3361 1716 3416 bone
1726 3365 1755 3416 ol

89 3476 139 3531 per
153 3460 898 3530 anticipationemdeclamauit.tempusquoquoquan·
949 3454 1058 3528 agendo
1074 3461 1101 3507 ct
1114 3452 1240 3507 docendo
1269 3467 1384 3524 magnus
1411 3451 1440 3505 in
1461 3467 1546 3523 regno
1560 3451 1708 3516 caelorum,
1723 3452 1752 3505 in

88 3549 125 3604 do
141 3547 239 3602 claruit
254 3547 282 3600 in
298 3553 387 3603 matus
401 3547 443 3602 sui
460 3548 555 3602 limine
582 3547 673 3602 statim
689 3546 850 3610 insinuarit,
872 3553 899 3600 et
949 3549 1077 3621 praesenti
1092 3547 1197 3602 scilicet
1210 3546 1343 3606 eccclesia.
1370 3544 1467 3601 morito
1492 3552 1535 3599 cst
1547 3552 1668 3600 vocatus.
1689 3544 1754 3600 Tem

87 3638 217 3691 uirtutem
231 3646 339 3690 actuum
356 3636 415 3705 ejus
430 3634 556 3692 iterando
565 3635 688 3708 apertius
701 3635 875 3691 confirmarit
890 3652 896 3701 ;
948 3637 1095 3707 multiplici
1107 3652 1212 3690 morum
1228 3637 1372 3691 honestate
1386 3649 1585 3706 usquequaque
1612 3648 1755 3688 commen·

89 3727 128 3782 ita
144 3741 274 3781 exorsus:
950 3732 1038 3794 datius,
1051 3730 1207 3784 habebatur
1220 3727 1503 3784 cunctisreverendus
1522 3733 1549 3782 et
1564 3726 1612 3782 llei
1627 3725 1754 3782 timorem

89 3818 194 3875 Ottonis
209 3819 266 3884 tuit
280 3817 318 3872 od
331 3821 434 3886 tempus
449 3817 493 3871 bic
507 3820 577 3886 repis
596 3819 626 3872 in
645 3818 719 3872 culo.
950 3821 1148 3891 appetentibus
1165 3818 1315 3889 peremnia
1330 3819 1488 3874 imitandus.
1504 3817 1668 3873 llultietiam
1684 3830 1755 3889 quos
1787 3822 1792 3828 '

129 3909 283 3975 Terripenis
292 3907 436 3977 speculem,
453 3908 502 3963 lue
517 3913 542 3964 et
555 3910 645 3976 imnpo
666 3910 715 3963 liei
950 3909 1081 3965 secularis
1095 3906 1247 3963 adornabat
1258 3908 1453 3978 potentiacum
1467 3906 1583 3981 dignum
1594 3905 1756 3976 judicabant

90 4000 144 4054 Ast
159 3999 206 4052 ubi
225 3999 335 4054 decom
344 3999 410 4068 fidei
419 4002 535 4069 sumpsit
554 4000 723 4065 documenta,
950 4015 999 4054 sua
1012 3997 1144 4063 amicitia,
1159 4011 1207 4066 pro
1223 4011 1257 4051 eo
1270 3996 1344 4068 quod
1360 3997 1388 4050 in
1407 3996 1455 4052 illo
1468 3996 1610 4052 eminebat
1623 3995 1757 4053 sanctita·

127 4087 236 4142 Sincere
252 4091 394 4144 bornicum
405 4089 483 4143 eorde
500 4093 577 4158 seqrn'
592 4090 707 4144 striduit.
951 4091 986 4145 tis
1007 4088 1170 4156 reverentia,
1186 4089 1294 4143 consilii
1310 4089 1421 4162 rigebat
1435 4088 1592 4160 prudentia.
1607 4095 1636 4143 et
1649 4087 1757 4142 animas

91 4174 179 4242 Quaem
187 4178 297 4245 patiens
313 4181 338 4230 et
351 4192 432 4245 quom
451 4176 538 4230 dubis
559 4181 743 4246 quantumque
757 4178 897 4246 benipnus.
949 4179 1004 4235 llco
1019 4180 1143 4235 lucrandi
1158 4177 1304 4253 singularis
1314 4178 1340 4233 ei
1356 4177 1488 4233 diuinitus
1506 4178 1606 4233 collata
1626 4184 1757 4252 eratgra-

128 4264 233 4334 Jupiter
247 4268 376 4332 extiterit,
392 4267 452 4335 quis
467 4281 614 4322 deonerare
624 4269 729 4337 queat?
950 4267 997 4322 tia.
1012 4267 1058 4322 Cui
1075 4268 1255 4323 internectere
1266 4268 1318 4323 hoc
1331 4281 1441 4337 quoque
1455 4265 1562 4320 addidit
1582 4264 1756 4335 dispensatio

92 4358 164 4414 Nom
176 4356 300 4425 placidus
309 4357 406 4426 depone
417 4358 518 4412 lenibat
529 4358 758 4424 cordusurentum
912 4355 1055 4446 Ddirinn,
1070 4366 1100 4412 ut
1114 4356 1277 4412 nobilissimi
1291 4354 1364 4425 apud
1391 4354 1514 4408 seculum
1544 4358 1572 4407 et
1586 4351 1757 4407 devotissimi

129 4447 160 4501 ln
174 4462 259 4501 meres
268 4451 343 4517 pacis
358 4448 391 4501 de
407 4450 517 4515 scritate
530 4463 638 4503 uocans.
953 4452 1026 4523 apud
1040 4453 1125 4507 heum
1138 4450 1289 4521 Wichpcrti
1303 4448 1441 4503 frueretur
1460 4445 1591 4512 amicitia,
1608 4444 1645 4500 ita
1659 4453 1688 4500 ut
1700 4459 1757 4499 mu-

93 4539 223 4608 Allequio
239 4539 366 4606 blondus,
381 4543 452 4596 miro
465 4543 602 4608 prooitctc
614 4540 759 4608 modestus,
953 4555 1004 4602 tue
1024 4543 1145 4599 karitatis
1170 4542 1241 4597 inter
1256 4557 1285 4596 se
1297 4538 1458 4595 indivisibili
1484 4537 1625 4604 coniuncti
1643 4535 1752 4611 glutino

130 4636 191 4692 Non
209 4651 298 4707 asper,
311 4652 364 4691 non
380 4645 453 4703 trun,
464 4637 655 4692 nonariolenlus
669 4640 735 4691 erut.
953 4655 1037 4694 unum
1053 4637 1156 4692 uellent
1169 4643 1196 4689 ct
1211 4650 1295 4688 unum
1327 4632 1431 4688 nollent
1450 4631 1480 4684 in
1508 4629 1637 4697 Domino,
1667 4633 1696 4685 et
1710 4628 1758 4685 ubi

93 4727 171 4804 libitis
185 4730 245 4780 crat
264 4728 378 4790 cunctis,
394 4729 497 4792 sucum,
510 4729 575 4796 pius
589 4731 672 4796 etque
688 4727 827 4795 benipnus.
953 4737 1007 4786 tam
1021 4729 1065 4800 pia
1078 4736 1136 4782 erat
1151 4725 1339 4781 unanimitatis
1358 4722 1514 4794 inspiratio,
1532 4721 1607 4777 nulla
1641 4736 1757 4792 prorsus

132 4817 242 4883 Gratus,
252 4817 442 4887 blunditoquns
461 4820 676 4888 compatiensque
689 4817 781 4872 bonus.
952 4825 1059 4890 poterat
1080 4817 1231 4886 subrepere
1260 4812 1463 4869 contrarietatis
1495 4810 1675 4882 conspiratio.
1701 4810 1756 4867 Sed

93 4906 177 4973 Quem
188 4907 392 4973 rnestumuidit,
407 4923 484 4976 quem
498 4909 745 4978 tristemqucmque
759 4907 899 4972 dolentem,
952 4911 1076 4981 prolecto
1101 4906 1231 4962 credebat
1260 4905 1375 4959 multum
1399 4903 1497 4959 deesse
1522 4902 1587 4970 sibi,
1612 4917 1674 4958 eum
1696 4901 1760 4973 ipse

129 4997 238 5068 Affovlu
250 5001 340 5069 botris
355 4999 527 5054 subveniebat
545 5001 579 5052 ei·
952 5004 1027 5058 solus
1042 4999 1183 5054 retraxerit
1194 4997 1318 5068 pedenna
1333 4994 1559 5056 uanitateseculi,
1575 4992 1649 5066 quod
1665 4991 1758 5047 adbuc

93 5093 194 5164 Asson
208 5093 282 5148 dulci
295 5096 426 5148 merentia
439 5098 549 5162 pectora
562 5095 687 5148 mulcens.
953 5108 1016 5163 pars
1034 5089 1118 5143 altera
1136 5088 1235 5144 animae
1250 5101 1316 5154 sue,
1334 5085 1476 5157 piissimus
1496 5084 1601 5140 scilicet
1616 5080 1761 5151 wicbper-

130 5183 266 5250 Anporcm
278 5186 378 5253 pressit
395 5183 440 5249 ³⁰⁵,
455 5183 559 5253 poadie
573 5183 636 5237 lecto
654 5182 737 5237 dedit.
954 5188 997 5235 tus
1013 5181 1121 5234 hereret
1136 5174 1236 5231 inliaus
1254 5176 1281 5230 in
1301 5175 1366 5231 limo
1382 5173 1515 5230 mundani
1545 5168 1684 5243 profundi.
1708 5166 1761 5224 Cu·

767 5319 878 5375 VhlllAE
897 5318 1087 5376 nebulones,

133 5425 168 5461 ⁷⁰⁴
188 5443 247 5483 ern.
270 5443 283 5482 c
306 5443 376 5484 corr.
392 5443 557 5485 recmoaus.
587 5428 622 5463 '⁴⁰⁵
634 5431 724 5499 patrm
738 5428 898 5500 expressit?
930 5429 965 5464 ³⁰⁶
982 5429 1044 5483 laicae
1060 5443 1129 5483 corr.
1148 5427 1201 5482 hic.
1235 5424 1525 5481 ⁷⁰⁷Laudabiliseorr.
1546 5426 1584 5479 u'.
1601 5424 1732 5478 iniectu.

881 5557 985 5629 NOTAE.

140 5674 214 5745 (892)
235 5674 300 5731 scil.
317 5665 421 5746 κλῆρος.
