3720 6014
96 100 149 174 9or
384 87 389 92 ’
512 72 516 79 ’
629 114 691 170 ara.
707 113 753 168 on
773 108 935 169 ursraruo
956 110 1044 169 trent
1065 111 1222 170 noururor.
1705 116 1739 174 oo

92 244 152 307 lux,
167 253 228 310 quae
237 237 356 293 Zabulon
370 254 420 308 per
434 237 534 292 divinae
548 236 681 292 claritatis
691 236 835 293 illustrarit
845 253 891 291 ra·
908 245 929 309 Α
944 246 1170 310 praemonstratur
1184 237 1308 302 nominc,
1318 237 1365 293 ubi
1379 239 1469 322 Jacob·
1483 241 1534 294 snb
1550 240 1686 297 inferens:
1700 246 1754 298 Su-

89 331 176 397 dium,
187 332 252 385 dnm
264 333 479 386 inlittorernurr's
492 329 636 392 habitavit,
648 335 674 384 et
684 332 892 384 instetioneno·
946 335 1034 389 intare
1048 333 1157 404 linquit)
1178 340 1257 387 tumn
1275 335 1441 402 asportato,
1456 339 1565 390 Domine
1584 337 1681 406 libid),
1695 355 1755 409 my-

87 423 256 492 oiomiibid.)
270 421 447 495 :significans
457 420 666 491 uidelicetquod
680 420 738 490 ipse
747 420 895 475 Ecclesiam
946 427 1013 481 stice
1028 427 1134 481 scilicet
1148 425 1317 500 significans,
1334 427 1407 497 quod
1424 442 1475 496 per
1490 428 1608 482 salutare
1624 428 1694 484 istud
1711 448 1757 486 re-

90 513 208 582 inportu
222 508 898 582 (iuiflliSffiielssaeV0¹⁰il⁰0¹¹008s02<i¹¹1lssflPOSllh
948 517 1161 574 surrectioillius
1171 518 1343 587 apertissime
1359 519 1493 593 signatur,
1508 519 1553 590 qui
1569 520 1660 587 lesus,
1673 521 1699 576 id
1715 531 1759 579 est

88 603 483 674 licapraedicalionoexlendt'l
513 603 637 670 palmites
666 617 727 657 tuos
757 616 840 670 usque
865 602 900 655 (td
950 604 1145 673 salutaris,rel
1174 607 1248 660 solus
1269 607 1476 676 interpretatur.
1500 606 1561 661 liaec
1584 613 1625 661 est
1641 608 1688 662 illa
1702 610 1757 680 lux,

86 713 163 753 more
178 699 256 768 (Psoi.
274 697 363 766 cxxix)
397 696 459 750 liaee
479 702 520 749 est
543 695 589 749 illa
607 696 662 758 lux,
679 712 729 765 per
747 711 828 765 quam
845 695 897 748 Za·
951 716 1013 771 quae
1029 698 1109 753 nobis
1124 697 1207 752 etiam
1224 697 1250 751 in
1273 698 1329 751 Gad
1355 698 1518 768 spiritaliter
1539 701 1759 769 premonstravit

88 789 183 856 bulon,
209 787 256 859 qui
285 788 472 842 habitaculum
492 789 663 854 fortitudinis
691 787 898 857 interpretatur,
952 786 1109 854 lteum,ubi
1131 786 1321 862 subjungitur:
1354 787 1410 842 dud
1429 791 1566 844 accinctus
1590 791 1760 859 praeliabitur

88 880 167 953 quasi
184 881 212 934 in
230 878 335 943 littore,
350 879 438 952 magis
454 878 583 934 illustrari
599 877 755 946 ridebatur,
771 878 836 932 dum
851 877 901 933 Ec·
951 888 1089 937 antaeum
1108 881 1205 950 (ibid),
1223 879 1436 950 praelioscilicet
1452 880 1502 934 hoe
1514 880 1579 934 illud
1600 880 1760 955 significans

87 968 171 1023 alesia
192 967 314 1040 gentium
335 966 369 1020 ab
390 966 451 1037 ipso
467 965 568 1020 meruit
593 965 781 1020 fortitudinem
799 966 901 1021 habere
954 969 1089 1040 praeliurn,
1104 968 1178 1040 quod
1195 967 1317 1022 Christus
1337 978 1432 1023 contra
1448 967 1589 1024 diabolum
1617 970 1760 1026 habiturus

86 1059 203 1125 virtutis,
219 1058 264 1129 qni
283 1073 331 1128 per
346 1057 505 1129 mysterium
535 1057 627 1111 crucis
653 1066 761 1126 portum
782 1057 836 1111 sibi
857 1073 902 1119 vo.
952 1070 1010 1116 erat
1026 1076 1075 1130 pro
1087 1059 1176 1113 salute
1192 1057 1328 1113 fidelium.
1346 1060 1406 1114 llaec
1421 1067 1462 1114 est
1475 1059 1521 1113 illa
1532 1060 1588 1125 lux,
1602 1077 1663 1132 quae
1680 1062 1760 1116 nobis

88 1154 139 1210 luit
153 1155 342 1210 demonstrare
356 1152 464 1207 salutis.
482 1151 543 1206 liaeo
557 1159 598 1206 cst
615 1151 660 1205 illa
677 1152 733 1217 lux,
752 1169 802 1223 per
817 1169 898 1222 quam
951 1155 979 1209 in
991 1155 1089 1210 eodem
1104 1153 1170 1218 Gad,
1182 1153 1257 1208 verbi
1272 1153 1394 1208 coelestis
1406 1153 1528 1228 gladium
1543 1155 1617 1210 misit
1630 1171 1685 1227 quo
1701 1157 1761 1210 arni-

88 1247 220 1312 lssaebar‚
237 1244 284 1316 qui
300 1243 447 1298 dicebatur
470 1246 564 1297 asinus
591 1245 679 1309 sortis,
703 1258 753 1312 pro
784 1244 898 1312 praemio
918 1281 923 1291 .
948 1247 1060 1321 genitus
1075 1244 1123 1299 liei
1138 1244 1222 1299 Filius
1235 1261 1333 1299 nurum
1354 1261 1370 1298 a
1394 1261 1485 1310 socru,
1507 1245 1635 1301 etlilium
1653 1263 1667 1300 a
1684 1254 1760 1317 patre

87 1340 149 1394 vitae
161 1338 281 1394 coelestis
300 1352 371 1392 onus
391 1336 530 1406 abjecerat
546 1336 652 1402 mortis,
669 1336 734 1390 durn
752 1352 784 1391 eo
803 1337 896 1392 minus
947 1338 1048 1399 divisit,
1063 1336 1175 1408 quaudo
1195 1337 1310 1390 veniens
1323 1336 1351 1389 in
1376 1337 1520 1406 praesentis
1546 1338 1608 1392 ritae
1628 1339 1761 1410 stadium,

87 1448 149 1486 eum
166 1428 297 1503 gravabat
307 1427 523 1498 jupumliomini
538 1442 633 1493 suone,
647 1434 672 1482 et
683 1427 819 1496 onnseius
833 1427 894 1482 lere
945 1435 1001 1484 Non
1019 1431 1082 1482 veni
1094 1427 1205 1499 linquit)
1221 1430 1250 1482 in
1266 1434 1368 1482 teram
1379 1443 1471 1496 pacem
1495 1431 1611 1496 mittere,
1635 1431 1683 1485 sed
1698 1431 1759 1498 plc-

86 1521 169 1594 (Moth
189 1524 261 1586 xxx),
277 1535 331 1590 quo
345 1534 466 1589 praesens
482 1518 611 1573 saeculum
624 1517 650 1573 ei
669 1525 894 1589 momentaneum
945 1525 1022 1579 dium
1038 1526 1140 1579 (Martii,
1158 1525 1196 1587 x).
1215 1522 1277 1576 iiaee
1294 1530 1334 1576 est
1356 1521 1401 1575 illa
1421 1521 1477 1584 lux,
1500 1538 1650 1594 perquam
1678 1524 1706 1577 in
1730 1522 1762 1576 si-

87 1699 134 1771 qui
146 1694 628 1765 mercesvideturinterpretari,cnm
642 1694 738 1768 gentili
750 1694 853 1765 populo
865 1693 896 1747 li·
947 1702 982 1755 do
998 1701 1100 1772 quibus
1116 1700 1237 1754 Ecclesia
1260 1699 1286 1753 in
1312 1698 1449 1755 Cantieis:
1479 1705 1573 1756 Omnes
1599 1701 1708 1773 linquit)
1725 1709 1762 1757 te-

87 1794 131 1849 dei
150 1792 286 1848 mercibus
306 1793 360 1846 [leo
374 1791 445 1845 solet
458 1789 518 1843 sine
537 1789 742 1844 intermissione
758 1788 896 1858 famulari,
947 1796 1040 1845 nentes
1068 1789 1178 1858 pladios,
1198 1796 1223 1843 et
1242 1790 1277 1841 nd
1305 1788 1372 1842 bella
1391 1791 1537 1844 doctissimi
1565 1792 1652 1859 (Cant.
1686 1791 1761 1861 xxx),

86 1883 176 1955 typice
197 1897 248 1936 nos
267 1882 420 1944 instruens,
438 1894 492 1950 quo
513 1879 586 1932 inter
605 1878 724 1953 gentiles
741 1894 773 1933 ac
788 1877 898 1933 ludaeos
948 1879 1109 1955 significans
1121 1878 1261 1945 videlicet,
1284 1879 1357 1950 quod
1378 1879 1416 1932 illi
1434 1880 1461 1933 in
1478 1880 1600 1936 Ecclesia
1614 1882 1661 1937 Dei
1678 1882 1757 1954 quasi

88 1969 899 2048 magnarersaturdiscretio;quamvispluresexutroque
949 1972 1033 2029 sortes
1058 1987 1090 2024 ex
1117 1969 1274 2025 fortissimis
1302 1969 1384 2023 lsrael
1417 1986 1477 2024 esse
1506 1972 1668 2036 creduntur,
1712 1973 1762 2044 qui

86 2064 189 2136 populo
202 2064 337 2120 bominici
351 2063 495 2137 sanguinis
512 2062 624 2117 mercati
641 2069 707 2117 sunt
721 2062 822 2133 pretio.
837 2063 898 2118 llaec
948 2063 1045 2112 contra
1066 2056 1184 2111 carnalis
1203 2055 1435 2126 concupiscentiae
1463 2057 1543 2112 luxus
1565 2058 1683 2130 spiritali
1709 2059 1764 2135 gla-

86 2157 187 2211 estilla
201 2157 257 2221 lux,
278 2171 339 2226 quae
355 2154 482 2209 eumdem
505 2153 638 2218 issachar,
659 2153 686 2207 id
710 2159 752 2208 est
764 2153 895 2226 gentilem
948 2146 994 2200 dio
1008 2160 1119 2215 semper
1143 2159 1298 2217 repugnare
1328 2144 1463 2200 nituntur.
1494 2145 1554 2200 llaec
1575 2147 1680 2202 estilla
1706 2146 1763 2224 lux,

90 2247 237 2318 populum,
253 2247 344 2301 adhuc
359 2245 438 2300 aliter
453 2243 610 2305 illustravit,
625 2245 689 2299 duni
707 2245 779 2301 inter
798 2245 896 2299 termi-
953 2253 1099 2308 perquam
1116 2235 1251 2291 veluslllss
1266 2234 1322 2289 Gfld
1336 2236 1413 2290 lesbi
1437 2235 1549 2291 eclesiis
1563 2237 1656 2311 gladiO
1672 2238 1764 2292 acciu·

90 2353 141 2393 nos
163 2346 277 2392 eternae
304 2336 442 2391 felicitatis
464 2335 612 2400 accubans,
637 2342 738 2390 terram
770 2336 903 2406 optimam
953 2327 1519 2398 clussOttiSSimss‚d0q¹¹0⁵⁰sli³lume⁸l³
1548 2331 1764 2399 Acciddmdla·

89 2429 204 2484 humero
226 2427 356 2498 portarit,
378 2425 541 2501 significans
564 2426 694 2481 videlicet
721 2426 795 2498 qnod
810 2425 904 2482 omni·
954 2417 996 2472 dio
1010 2423 1055 2473 1¹10
1068 2432 1149 2486 sulm
1162 2419 1253 2483 femur
1266 2422 1355 2483 mum,
1374 2420 1557 2486 Ρθῑθηῑὶδδῖῃῑθ
1573 2419 1656 2485 ierat.
1683 2417 1764 2486 llll),

89 2529 188 2591 potens
203 2521 274 2574 bens
290 2518 396 2574 nullum
412 2519 440 2573 in
457 2516 623 2583 linesaecnli,
641 2518 704 2573 vitre
723 2517 845 2574 coelestis
859 2536 904 2575 re·
956 2508 1070 2580 mistice
1086 2507 1194 2562 scll'wssl
1222 2508 1378 2573 insinuans·
1404 2508 1478 2579 (11¹0d
1498 2524 1549 2564 ¹¹⁰⁸
1563 2514 1707 2565 armatura
1723 2511 1768 2563 ⁰05

90 2611 281 2667 muneratione
307 2618 430 2675 coronat,
448 2609 500 2664 nisi
515 2609 594 2681 prius
609 2610 654 2664 hic
681 2610 714 2663 ad
739 2610 903 2681 portandam
955 2599 1058 2655 lumb&
1080 2597 1216 2652 mimium
1236 2614 1347 2669 Sssmtlsss
1371 2599 1507 2653 debemus
1534 2600 1712 2675 praecingere,
1737 2607 1767 2655 ut

87 2700 201 2768 justitiae
213 2700 349 2754 sarcinam
364 2700 444 2754 bonae
460 2699 577 2754 actionis
592 2699 737 2754 humerum
755 2707 902 2770 supponat.
956 2693 1097 2764 possimus
1116 2696 1209 2748 omnio
1235 2694 1287 2748 telo
1318 2697 1476 2762 nequissimi
1496 2697 1575 2763 ipnea
1597 2699 1768 2763 exstinquere

92 2789 348 2855 {repastinatum
374 2805 424 2859 per
449 2787 632 2859 quamlaeob
664 2787 904 2843 futurorumillu-
958 2788 1122 2858 (Ephesii).
1152 2787 1213 2842 haec
1230 2794 1271 2843 est
1291 2786 1337 2841 illa
1353 2787 1409 2850 lux,
1430 2804 1492 2858 quae
1508 2787 1590 2842 etiarn
1605 2787 1661 2843 Gad
1676 2790 1767 2846 verbis

91 2889 192 2937 stratus
207 2881 323 2937 scientia
336 2899 342 2935 ε
356 2884 426 2948 ntor,
441 2879 543 2952 inquit,
558 2884 617 2934 lion
630 2880 737 2935 coluber
748 2883 778 2934 in
791 2882 847 2948 vira,
863 2895 904 2934 ee·
956 2878 1138 2951 sequentibus
1153 2878 1299 2935 illustravit
1324 2879 1415 2934 adhuc
1435 2879 1462 2933 ln
1483 2879 1612 2948 obscuro,
1638 2881 1685 2935 ubi
1701 2881 1769 2937 suh-

91 2977 220 3028 rostesin
238 2977 335 3029 semita
361 2973 437 3042 (Gen.
463 2975 550 3040 xurx);
574 2970 771 3027 Antichristnm
800 2935 1095 3048 seilicetCJnngitur:
1113 2979 1171 3043 lpse
1191 2976 1348 3043 accingetur
1372 2981 1521 3029 retrorsum
1550 2975 1585 3044 (11
1608 2979 1692 3032 Thess.
1726 2980 1768 3047 n),

93 3060 261 3133 significans,
279 3062 326 3134 qui
343 3070 437 3117 contra
463 3061 568 3116 electos
591 3060 638 3116 llei
655 3061 758 3131 duplici
780 3061 906 3132 quando·
956 3067 982 3120 id
999 3067 1079 3121 estin
1098 3065 1205 3122 futuro:
1221 3065 1381 3141 significans
1401 3067 1530 3122 videlicet
1547 3069 1621 3138 quod
1642 3070 1768 3124 Christus

95 3172 150 3227 que
164 3155 248 3213 debet
263 3157 360 3211 saerire
380 3156 533 3220 dementia,
555 3155 801 3211 dumeteoluher
817 3172 850 3211 ex
865 3172 907 3210 as·
960 3156 1154 3212 Antichristum
1194 3158 1360 3227 quaudoque
1399 3157 1546 3213 interliciat
1572 3159 1672 3229 spiritu
1711 3161 1768 3216 oris

96 3251 173 3318 tutia,
201 3256 228 3305 et
253 3259 373 3305 cerastes
404 3258 520 3304 vocatur
550 3265 583 3304 ex
613 3251 746 3319 potentia.
776 3250 838 3304 ilaec
866 3256 910 3304 est
959 3247 1012 3312 sui,
1027 3254 1058 3301 ut
1071 3245 1152 3300 electi
1175 3246 1222 3300 liei
1250 3251 1353 3300 aeterna
1377 3246 1548 3300 beatitudine
1576 3263 1668 3301 seeum
1700 3264 1767 3318 pos-

96 3340 143 3395 tus
160 3339 289 3410 tumme
315 3354 366 3394 nos
392 3339 473 3394 eriam
491 3354 553 3394 oum
569 3338 655 3393 Jacob
671 3338 909 3410 perspirituatem
960 3333 1016 3386 sint
1041 3330 1166 3386 securius
1185 3331 1249 3385 frui·
1277 3332 1338 3387 uaee
1370 3341 1411 3387 est
1440 3332 1486 3386 illa
1512 3333 1568 3398 lux,
1602 3349 1652 3403 ner
1686 3350 1768 3405 quan

97 3427 216 3482 illustrat
244 3427 416 3502 allegoriam,
451 3428 515 3481 dum
549 3427 576 3480 in
602 3427 700 3484 eodem
726 3429 782 3482 ban
805 3428 908 3484 arctio·
961 3420 1113 3476 illustratus
1146 3427 1189 3474 ⁰⁸1
1211 3419 1308 3486 lamb,
1340 3420 1508 3490 patriarches
1540 3421 1678 3495 egregius,
1718 3422 1766 3477 ubi

98 3536 154 3576 rem
176 3519 258 3574 nobis
273 3520 445 3574 demonstrat
471 3519 598 3574 semitam
628 3535 794 3592 essequam
824 3521 906 3587 riam,
960 3509 994 3564 (¹0
1018 3509 1103 3563 aliem
1130 3506 1187 3563 fi¹i⁰
1215 3506 1401 3580 subiussti⁰¹¹⁸²
1430 3513 1502 3576 Meri
1529 3508 1630 3580 inquil,
1657 3514 1768 3581 pinquis

98 3629 133 3668 ne
148 3629 196 3683 pro
215 3618 292 3668 oreta
318 3618 342 3666 et
362 3618 480 3681 anquam
501 3614 557 3680 oia,
580 3628 639 3681 qooe
665 3613 740 3667 ducit
767 3613 906 3668 advitam
954 3605 1035 3672 ΡΜ
1048 3605 1105 3671 ⁶7⁴²is
1120 3601 1195 3664 lGsstl·
1217 3602 1299 3668 xtra),
1321 3616 1370 3671 Pel
1389 3600 1766 3673 (1¹¹0dVld01500hiJflssiSil-
1792 3630 1795 3635 ·

98 3701 266 3768 (liutmun),
283 3699 353 3754 viam
375 3697 776 3770 illamquaeramuslatiorem,
802 3698 837 3753 de
852 3715 907 3771 qua
957 3697 1010 3752 lius
1038 3695 1236 3771 pinguedinem
1264 3695 1345 3751 nobis
1364 3695 1452 3766 figura
1480 3697 1635 3766 pretendit,
1659 3698 1766 3770 dequo

98 3791 299 3862 scriptumest:
321 3797 387 3846 Loto
404 3798 430 3846 et
454 3795 574 3861 spatioso
588 3794 633 3846 rio
648 3799 695 3858 est,
712 3792 858 3860 praeducit
873 3792 908 3846 ad
957 3785 1158 3856 scriptumest:
1185 3788 1232 3840 llic
1254 3791 1291 3840 cst
1317 3788 1397 3854 ponis
1416 3788 1493 3840 vivus
1521 3789 1568 3860 qai
1593 3786 1625 3840 de
1648 3787 1711 3841 celo
1725 3790 1768 3842 de-

95 3884 270 3952 perditionem
292 3883 386 3952 libidi.
412 3883 472 3938 llaec
503 3890 546 3938 est
572 3883 618 3938 illa
644 3883 700 3949 lux,
729 3898 792 3955 quae
816 3883 907 3938 eidem
957 3877 1219 3944 srendtriioonm).
1232 3877 1293 3931 llaec
1309 3883 1351 3931 est
1367 3877 1412 3931 illa
1426 3876 1471 3931 lux
1486 3877 1705 3948 perquamidem
1725 3879 1768 3934 la·

99 3972 154 4026 Itan
170 3971 252 4025 nimis
280 3971 428 4026 ridebatur
443 3971 599 4039 obscurari,
625 3974 690 4027 dum
709 3974 735 4027 in
753 3973 908 4044 aquilonari
960 3965 1011 4020 cob
1031 3963 1133 4018 divinis
1148 3963 1238 4019 adhue
1254 3963 1405 4019 illustratus
1420 3973 1462 4019 est
1477 3964 1596 4039 legibus,
1611 3965 1658 4019 ubi
1670 3967 1704 4020 de
1719 3982 1768 4023 eo·

101 4069 177 4133 parte
206 4078 329 4117 seorsum
359 4079 373 4115 a
400 4061 530 4119 iratribus
552 4065 659 4119 solebat
686 4065 908 4130 castrametari;
960 4060 1023 4114 dem
1039 4059 1106 4114 riser
1123 4059 1312 4123 subinferens,
1327 4061 1468 4125 Praebebit,
1491 4061 1589 4131 inquit,
1605 4061 1714 4118 delicias
1727 4078 1770 4118 re·

102 4149 175 4205 illius
187 4150 318 4205 videlicet
333 4166 381 4219 per
394 4151 447 4207 hoc
462 4151 584 4207 imitatus
597 4153 746 4220 actionem,
773 4153 819 4225 qui
843 4170 910 4210 con·
960 4152 1036 4222 pilus
1052 4153 1148 4221 iibido,
1160 4168 1209 4223 per
1223 4154 1273 4208 hoe
1291 4152 1419 4207 videlicet
1436 4153 1498 4207 illos
1513 4151 1675 4225 signiticans
1691 4170 1771 4225 reges

102 4238 512 4305 tralieumcrectnszPonom,
540 4240 639 4311 inquit,
658 4243 745 4297 aedem
768 4257 857 4297 neam
876 4244 911 4297 od
960 4241 1007 4314 qui
1023 4257 1052 4296 se
1070 4241 1145 4312 ipsos
1165 4242 1237 4296 bene
1256 4241 1406 4295 secundum
1423 4241 1530 4295 divinas
1548 4243 1666 4296 rexerint
1681 4243 1768 4316 leges.

103 4332 255 4399 aquilonem
278 4331 434 4401 (isaiam).
460 4330 521 4385 llaec
537 4339 578 4386 est
606 4332 653 4386 illa
668 4335 723 4399 lux,
749 4348 802 4404 per
825 4298 948 4406 quamD
963 4328 1078 4385 liecest
1092 4330 1138 4384 illa
1157 4331 1202 4385 lux
1218 4345 1267 4400 per
1279 4345 1362 4401 quam
1380 4334 1455 4394 Aser,
1473 4330 1520 4401 qui
1535 4330 1681 4386 beotrrsucl
1708 4336 1772 4402 pin·

103 4418 182 4474 electi
200 4419 246 4473 liei
267 4420 434 4491 quandoque
455 4420 618 4491 ungularum
640 4421 701 4489 ejus
717 4432 850 4493 spernent
864 4439 913 4478 re·
964 4421 1771 4493 pnnpanninterpreramr,typosalvatorisittusuanmere-

102 4507 183 4581 stigia
196 4509 288 4581 sequi,
304 4510 338 4565 de
354 4524 409 4580 qno
433 4509 517 4565 Jacob
532 4509 584 4563 suh
613 4508 754 4563 inferens:
783 4513 911 4580 Mordens,
963 4516 1054 4583 batur,
1068 4520 1131 4573 dum
1149 4518 1183 4571 ad
1199 4517 1365 4587 praebendas
1385 4516 1500 4571 delicias
1519 4517 1642 4592 regibus,
1657 4517 1770 4573 divitia·

105 4598 204 4670 inquit,
232 4602 348 4671 ungulus
376 4603 437 4669 eqni
456 4601 532 4671 (den.
558 4600 640 4671 narn),
674 4600 738 4671 quia
766 4601 912 4675 indignum
964 4608 1146 4662 rumillarum
1161 4606 1298 4662 ditabatur
1312 4605 1465 4670 ailluentia,
1481 4605 1516 4660 de
1530 4605 1772 4679 qnibusscriptnm

105 4688 185 4742 valde
198 4696 240 4743 est
254 4698 284 4744 ut
296 4687 466 4743 Christianus
481 4688 515 4742 ab
529 4686 696 4743 Antichristo
711 4688 784 4743 male
803 4689 914 4745 vivendi
965 4703 1018 4762 est,
1033 4696 1134 4751 divitie
1146 4695 1243 4749 salotis
1262 4697 1396 4761 sapientie
1412 4699 1438 4748 et
1454 4696 1569 4749 scientio
1585 4696 1648 4764 (isa.
1666 4699 1772 4766 xxxin).

105 4778 261 4849 exemplum
277 4787 378 4845 sumai,
389 4778 436 4851 qui
452 4794 501 4850 l)el
515 4778 674 4850 superbiam
690 4787 718 4834 θῑ
733 4779 914 4835 ambillllsseffl
967 4788 1028 4846 llaec
1041 4795 1083 4843 est
1102 4786 1148 4841 illa
1161 4787 1207 4841 lux
1223 4801 1271 4857 per
1286 4801 1367 4856 quarn
1382 4786 1463 4841 nobis
1477 4787 1505 4842 in
1521 4788 1695 4859 Nephthalim
1712 4805 1773 4846 eoe-

106 4871 134 4925 in
149 4888 230 4927 eursu
245 4872 364 4928 labentis
379 4873 473 4929 seculi
494 4873 572 4944 quasi
601 4889 690 4946 equus
712 4880 830 4945 spumat.
853 4874 916 4932 ilaec
965 4880 1043 4935 lestis
1063 4878 1228 4933 sacramenti
1244 4886 1383 4932 reseratur
1397 4877 1522 4948 abyssus,
1539 4880 1586 4934 ubi
1607 4882 1642 4935 de
1658 4897 1691 4936 eo
1705 4881 1774 4936 sub-

107 4967 149 5016 est
163 4961 208 5016 illa
222 4961 278 5030 lux,
293 4977 353 5034 quae
377 4979 427 5019 nos
443 4962 525 5018 etiarn
547 4962 712 5033 poenitentia
741 4970 914 5034 peccatorum
963 4971 1100 5042 jungitur.
1118 4971 1286 5040 Nephthalim
1299 4985 1392 5026 ceruus
1413 4973 1525 5026 emissos
1540 4971 1618 5040 (Gen.
1640 4974 1712 5043 narn)
1738 4974 1774 5029 si-

107 5054 233 5125 quotidie
247 5056 318 5111 solet
333 5055 469 5110 illustrare
484 5071 546 5111 eum
559 5058 649 5124 Petro,
661 5072 697 5111 ne
711 5057 745 5112 ad
759 5059 915 5128 exemplum
964 5059 1100 5133 gnihcans
1114 5060 1244 5116 videlicet
1259 5060 1334 5132 quod
1348 5060 1480 5118 velocitas
1499 5061 1657 5133 apostolicae
1673 5064 1776 5132 praedi—

109 5141 165 5196 lian
178 5159 240 5197 cum
252 5158 398 5199 ascensore
418 5144 500 5215 huius
515 5145 591 5217 equi,
604 5146 632 5199 id
646 5156 688 5200 est
704 5145 829 5218 superbo
844 5162 914 5219 quo·
964 5149 1082 5205 cationis
1097 5149 1135 5203 ita
1149 5148 1265 5203 salutem
1282 5147 1450 5203 desideravit
1464 5151 1629 5218 animarum,
1644 5155 1773 5222 quemod-

109 5230 915 5307 libetcadamusretro‚seientesvidelicet,quotillisolum·
963 5241 1073 5295 modom
1094 5240 1225 5294 desiderat
1253 5254 1346 5295 cervus
1373 5242 1408 5296 od
1433 5243 1520 5307 sontes
1546 5246 1776 5312 equorumffsal.

109 5322 192 5378 modo
207 5337 269 5377 eum
281 5326 361 5379 caecis
373 5324 544 5399 evangelicis
559 5324 586 5379 in
602 5326 785 5397 praecipitium
801 5328 915 5393 vadunt,
967 5339 1029 5396 xrrt.
1047 5331 1109 5386 llaec
1123 5338 1170 5395 est¹
1187 5330 1236 5385 illa
1256 5330 1302 5385 lux
1324 5347 1374 5401 per
1391 5348 1472 5403 quam
1494 5333 1567 5388 idern
1591 5334 1778 5406 Nephthalim,

110 5413 157 5486 qni
173 5430 235 5468 cum
255 5414 336 5471 Saule
349 5423 423 5471 retro
438 5424 466 5472 et
486 5431 542 5473 non
563 5417 590 5471 in
606 5417 704 5472 faciem
721 5418 832 5473 eadunt.
856 5419 918 5473 llaec
967 5418 1015 5490 qui
1031 5416 1145 5493 liguram
1160 5417 1258 5474 habuit
1271 5418 1389 5474 cervinae
1407 5420 1586 5489 fortitudinis,
1602 5424 1709 5478 caeteris
1724 5423 1780 5481 lra-

111 5502 210 5558 estilla
224 5502 269 5559 lux
280 5517 330 5574 per
341 5518 423 5575 qnam
438 5504 644 5576 nobispersona
658 5505 757 5562 Christi
768 5521 916 5577 suppresso
967 5506 1057 5564 tribus
1081 5506 1157 5561 dedit
1170 5504 1284 5579 eloquia
1303 5507 1519 5577 pulchritudinis
1545 5510 1611 5566 dum
1622 5510 1780 5581 pulchritu-
