<?xml version="1.0" encoding="UTF-8"?>
<!DOCTYPE html PUBLIC "-//W3C//DTD XHTML 1.0 Transitional//EN"
    "http://www.w3.org/TR/xhtml1/DTD/xhtml1-transitional.dtd">
<html xmlns="http://www.w3.org/1999/xhtml" xml:lang="en" lang="en">
 <head>
  <title>
</title>
<meta http-equiv="Content-Type" content="text/html;charset=utf-8" />
  <meta name='ocr-system' content='tesseract 3.04.00' />
  <meta name='ocr-capabilities' content='ocr_page ocr_carea ocr_par ocr_line ocrx_word'/>
</head>
<body>
  <div class='ocr_page' id='page_1' title='image "./patrologiaecurs69unkngoog_0370.png"; bbox 0 0 3720 6014; ppageno 0'>
   <div class='ocr_carea' id='block_1_1' title="bbox 103 104 1773 173">
    <p class='ocr_par' dir='ltr' id='par_1_1' title="bbox 103 104 1773 173">
     <span class='ocr_line' id='line_1_1' title="bbox 103 104 1773 173; baseline -0.004 -2"><span class='ocrx_word' id='word_1_1' title='bbox 103 115 155 173; x_wconf 73' lang='lat' dir='ltr'><strong>tes</strong></span> <span class='ocrx_word' id='word_1_2' title='bbox 779 110 855 166; x_wconf 77' lang='lat' dir='ltr'><strong>vlla</strong></span> <span class='ocrx_word' id='word_1_3' title='bbox 875 109 902 165; x_wconf 91' lang='lat' dir='ltr'><strong>S.</strong></span> <span class='ocrx_word' id='word_1_4' title='bbox 924 108 1089 166; x_wconf 71' lang='lat' dir='ltr'><strong>uamovu.</strong></span> <span class='ocrx_word' id='word_1_5' title='bbox 1716 104 1773 165; x_wconf 70' lang='lat'>&#39;130&#39;</span> 
     </span>
    </p>
   </div>
   <div class='ocr_carea' id='block_1_2' title="bbox 86 235 1802 3598">
    <p class='ocr_par' dir='ltr' id='par_1_2' title="bbox 92 235 1771 1870">
     <span class='ocr_line' id='line_1_2' title="bbox 96 235 1769 321; baseline -0.005 -21"><span class='ocrx_word' id='word_1_6' title='bbox 96 252 124 301; x_wconf 87' lang='lat' dir='ltr'><strong>et</strong></span> <span class='ocrx_word' id='word_1_7' title='bbox 139 247 257 321; x_wconf 76' lang='lat' dir='ltr'><strong>beggam</strong></span> <span class='ocrx_word' id='word_1_8' title='bbox 279 245 314 299; x_wconf 92' lang='lat' dir='ltr'><strong>ad</strong></span> <span class='ocrx_word' id='word_1_9' title='bbox 340 243 452 298; x_wconf 88' lang='lat' dir='ltr'><strong>laudem</strong></span> <span class='ocrx_word' id='word_1_10' title='bbox 477 248 505 298; x_wconf 88' lang='lat' dir='ltr'><strong>et</strong></span> <span class='ocrx_word' id='word_1_11' title='bbox 526 241 642 313; x_wconf 72' lang='lat' dir='ltr'><strong>gloriam</strong></span> <span class='ocrx_word' id='word_1_12' title='bbox 659 243 772 318; x_wconf 79' lang='lat' dir='ltr'><strong>generis</strong></span> <span class='ocrx_word' id='word_1_13' title='bbox 784 242 827 298; x_wconf 90' lang='lat' dir='ltr'><strong>sni</strong></span> <span class='ocrx_word' id='word_1_14' title='bbox 843 249 905 315; x_wconf 92' lang='lat' dir='ltr'><strong>post</strong></span> <span class='ocrx_word' id='word_1_15' title='bbox 918 244 942 312; x_wconf 80' lang='grc' dir='ltr'>Α</span> <span class='ocrx_word' id='word_1_16' title='bbox 957 238 1131 295; x_wconf 77' lang='lat' dir='ltr'><strong>seminarent</strong></span> <span class='ocrx_word' id='word_1_17' title='bbox 1142 238 1305 309; x_wconf 85' lang='lat' dir='ltr'><strong>spiritualia.</strong></span> <span class='ocrx_word' id='word_1_18' title='bbox 1328 237 1401 292; x_wconf 90' lang='lat' dir='ltr'><strong>later</strong></span> <span class='ocrx_word' id='word_1_19' title='bbox 1413 251 1475 309; x_wconf 81' lang='lat' dir='ltr'><strong>quae</strong></span> <span class='ocrx_word' id='word_1_20' title='bbox 1488 235 1613 290; x_wconf 80' lang='lat' dir='ltr'>eminent</span> <span class='ocrx_word' id='word_1_21' title='bbox 1632 235 1769 292; x_wconf 91' lang='lat' dir='ltr'><strong>innostra</strong></span> 
     </span>
     <span class='ocr_line' id='line_1_3' title="bbox 94 323 1770 407; baseline -0.006 -17"><span class='ocrx_word' id='word_1_22' title='bbox 94 351 126 390; x_wconf 90' lang='lat' dir='ltr'><strong>se</strong></span> <span class='ocrx_word' id='word_1_23' title='bbox 152 335 281 407; x_wconf 88' lang='lat' dir='ltr'><strong>reliquit:</strong></span> <span class='ocrx_word' id='word_1_24' title='bbox 305 350 422 407; x_wconf 84' lang='lat' dir='ltr'><strong>qrtarum</strong></span> <span class='ocrx_word' id='word_1_25' title='bbox 440 349 495 388; x_wconf 91' lang='lat' dir='ltr'><strong>una</strong></span> <span class='ocrx_word' id='word_1_26' title='bbox 522 333 673 398; x_wconf 87' lang='lat' dir='ltr'><strong>Gertrudis,</strong></span> <span class='ocrx_word' id='word_1_27' title='bbox 695 333 800 388; x_wconf 83' lang='lat' dir='ltr'><strong>Christo</strong></span> <span class='ocrx_word' id='word_1_28' title='bbox 822 349 905 404; x_wconf 86' lang='lat' dir='ltr'><strong>quam</strong></span> <span class='ocrx_word' id='word_1_29' title='bbox 956 327 1225 386; x_wconf 80' lang='lat' dir='ltr'><strong>viciniaStabulaus.</strong></span> <span class='ocrx_word' id='word_1_30' title='bbox 1239 334 1265 383; x_wconf 89' lang='lat' dir='ltr'><strong>et</strong></span> <span class='ocrx_word' id='word_1_31' title='bbox 1293 325 1532 391; x_wconf 89' lang='lat' dir='ltr'><strong>llalmnndarium,</strong></span> <span class='ocrx_word' id='word_1_32' title='bbox 1553 324 1684 381; x_wconf 81' lang='lat' dir='ltr'><strong>ntenobia</strong></span> <span class='ocrx_word' id='word_1_33' title='bbox 1699 323 1770 380; x_wconf 85' lang='lat' dir='ltr'><strong>inira</strong></span> 
     </span>
     <span class='ocr_line' id='line_1_4' title="bbox 95 420 1771 499; baseline -0.003 -20"><span class='ocrx_word' id='word_1_34' title='bbox 95 441 199 495; x_wconf 92' lang='lat' dir='ltr'><strong>sponso</strong></span> <span class='ocrx_word' id='word_1_35' title='bbox 238 425 340 480; x_wconf 90' lang='lat' dir='ltr'><strong>carnali</strong></span> <span class='ocrx_word' id='word_1_36' title='bbox 362 425 467 479; x_wconf 81' lang='lat' dir='ltr'><strong>malens</strong></span> <span class='ocrx_word' id='word_1_37' title='bbox 494 423 609 489; x_wconf 87' lang='lat' dir='ltr'><strong>nubere,</strong></span> <span class='ocrx_word' id='word_1_38' title='bbox 637 431 739 479; x_wconf 85' lang='lat' dir='ltr'><strong>sanntae</strong></span> <span class='ocrx_word' id='word_1_39' title='bbox 762 425 906 499; x_wconf 80' lang='lat' dir='ltr'><strong>religionis</strong></span> <span class='ocrx_word' id='word_1_40' title='bbox 956 424 1053 479; x_wconf 86' lang='lat' dir='ltr'><strong>silvam</strong></span> <span class='ocrx_word' id='word_1_41' title='bbox 1071 424 1225 479; x_wconf 78' lang='lat' dir='ltr'><strong>Ardennnm</strong></span> <span class='ocrx_word' id='word_1_42' title='bbox 1242 422 1304 488; x_wconf 88' lang='lat' dir='ltr'><strong>sita,</strong></span> <span class='ocrx_word' id='word_1_43' title='bbox 1332 436 1393 493; x_wconf 88' lang='lat' dir='ltr'><strong>quae</strong></span> <span class='ocrx_word' id='word_1_44' title='bbox 1409 420 1482 475; x_wconf 88' lang='lat' dir='ltr'><strong>idem</strong></span> <span class='ocrx_word' id='word_1_45' title='bbox 1509 436 1556 475; x_wconf 87' lang='lat' dir='ltr'><strong>ror</strong></span> <span class='ocrx_word' id='word_1_46' title='bbox 1581 435 1596 474; x_wconf 90' lang='lat' dir='ltr'><strong>a</strong></span> <span class='ocrx_word' id='word_1_47' title='bbox 1621 435 1651 474; x_wconf 92' lang='lat' dir='ltr'><strong>se</strong></span> <span class='ocrx_word' id='word_1_48' title='bbox 1666 433 1771 490; x_wconf 86' lang='lat' dir='ltr'><strong>onopa-</strong></span> 
     </span>
     <span class='ocr_line' id='line_1_5' title="bbox 97 516 1768 592; baseline -0.004 -18"><span class='ocrx_word' id='word_1_49' title='bbox 97 521 240 592; x_wconf 88' lang='lat' dir='ltr'><strong>proposito</strong></span> <span class='ocrx_word' id='word_1_50' title='bbox 264 521 428 585; x_wconf 64' lang='lat' dir='ltr'><strong>inserviens</strong></span> <span class='ocrx_word' id='word_1_51' title='bbox 456 520 484 574; x_wconf 92' lang='lat' dir='ltr'><strong>in</strong></span> <span class='ocrx_word' id='word_1_52' title='bbox 508 519 833 587; x_wconf 85' lang='lat' dir='ltr'><strong>Nivalensinoenobin‚a</strong></span> <span class='ocrx_word' id='word_1_53' title='bbox 856 537 907 577; x_wconf 87' lang='lat' dir='ltr'><strong>sna</strong></span> <span class='ocrx_word' id='word_1_54' title='bbox 957 526 1033 575; x_wconf 85' lang='lat' dir='ltr'><strong>rante</strong></span> <span class='ocrx_word' id='word_1_55' title='bbox 1070 519 1123 574; x_wconf 91' lang='lat' dir='ltr'><strong>sibi</strong></span> <span class='ocrx_word' id='word_1_56' title='bbox 1151 519 1255 587; x_wconf 85' lang='lat' dir='ltr'><strong>majnrn</strong></span> <span class='ocrx_word' id='word_1_57' title='bbox 1282 518 1381 572; x_wconf 91' lang='lat' dir='ltr'><strong>domus</strong></span> <span class='ocrx_word' id='word_1_58' title='bbox 1414 516 1571 572; x_wconf 82' lang='lat' dir='ltr'><strong>Grimnalrln</strong></span> <span class='ocrx_word' id='word_1_59' title='bbox 1600 520 1768 582; x_wconf 89' lang='lat' dir='ltr'><strong>constructa,</strong></span> 
     </span>
     <span class='ocr_line' id='line_1_6' title="bbox 98 608 1768 685; baseline -0.004 -19"><span class='ocrx_word' id='word_1_60' title='bbox 98 619 184 667; x_wconf 89' lang='lat' dir='ltr'><strong>matre</strong></span> <span class='ocrx_word' id='word_1_61' title='bbox 199 612 322 677; x_wconf 76' lang='lat' dir='ltr'><strong>fundato,</strong></span> <span class='ocrx_word' id='word_1_62' title='bbox 349 611 520 685; x_wconf 83' lang='lat' dir='ltr'><strong>spiritualem</strong></span> <span class='ocrx_word' id='word_1_63' title='bbox 536 611 639 681; x_wconf 91' lang='lat' dir='ltr'><strong>prnlom</strong></span> <span class='ocrx_word' id='word_1_64' title='bbox 655 612 747 667; x_wconf 87' lang='lat' dir='ltr'><strong>adhue</strong></span> <span class='ocrx_word' id='word_1_65' title='bbox 761 628 817 669; x_wconf 92' lang='lat' dir='ltr'><strong>nnn</strong></span> <span class='ocrx_word' id='word_1_66' title='bbox 831 613 907 670; x_wconf 89' lang='lat' dir='ltr'><strong>desi·</strong></span> <span class='ocrx_word' id='word_1_67' title='bbox 957 613 982 667; x_wconf 19' lang='lat' dir='ltr'><strong>S*</strong></span> <span class='ocrx_word' id='word_1_68' title='bbox 1012 613 1140 668; x_wconf 89' lang='lat' dir='ltr'><strong>llemacln</strong></span> <span class='ocrx_word' id='word_1_69' title='bbox 1163 611 1316 682; x_wconf 81' lang='lat' dir='ltr'><strong>Tungrensi</strong></span> <span class='ocrx_word' id='word_1_70' title='bbox 1340 611 1471 682; x_wconf 90' lang='lat' dir='ltr'><strong>episcopo</strong></span> <span class='ocrx_word' id='word_1_71' title='bbox 1497 610 1580 664; x_wconf 88' lang='lat' dir='ltr'><strong>tradit</strong></span> <span class='ocrx_word' id='word_1_72' title='bbox 1605 608 1768 664; x_wconf 84' lang='lat' dir='ltr'><strong>ordinanda.</strong></span> 
     </span>
     <span class='ocr_line' id='line_1_7' title="bbox 97 698 1768 779; baseline -0.004 -22"><span class='ocrx_word' id='word_1_73' title='bbox 97 703 138 757; x_wconf 92' lang='lat' dir='ltr'><strong>nit</strong></span> <span class='ocrx_word' id='word_1_74' title='bbox 153 705 206 759; x_wconf 88' lang='lat' dir='ltr'><strong>tlen</strong></span> <span class='ocrx_word' id='word_1_75' title='bbox 225 704 350 779; x_wconf 71' lang='lat' dir='ltr'><strong>gignere.</strong></span> <span class='ocrx_word' id='word_1_76' title='bbox 373 704 456 758; x_wconf 87' lang='lat' dir='ltr'><strong>Soror</strong></span> <span class='ocrx_word' id='word_1_77' title='bbox 470 701 530 772; x_wconf 90' lang='lat' dir='ltr'><strong>ejus</strong></span> <span class='ocrx_word' id='word_1_78' title='bbox 546 702 647 776; x_wconf 77' lang='lat' dir='ltr'><strong>begga,</strong></span> <span class='ocrx_word' id='word_1_79' title='bbox 668 710 755 773; x_wconf 88' lang='lat' dir='ltr'><strong>nupta</strong></span> <span class='ocrx_word' id='word_1_80' title='bbox 770 703 906 776; x_wconf 73' lang='lat' dir='ltr'><strong>ausigiso,</strong></span> <span class='ocrx_word' id='word_1_81' title='bbox 959 701 1081 772; x_wconf 84' lang='lat' dir='ltr'><strong>Expletis</strong></span> <span class='ocrx_word' id='word_1_82' title='bbox 1100 711 1192 756; x_wconf 77' lang='lat' dir='ltr'><strong>autem</strong></span> <span class='ocrx_word' id='word_1_83' title='bbox 1213 700 1302 756; x_wconf 85' lang='lat' dir='ltr'><strong>aetatis</strong></span> <span class='ocrx_word' id='word_1_84' title='bbox 1321 716 1378 755; x_wconf 81' lang='lat' dir='ltr'><strong>suae</strong></span> <span class='ocrx_word' id='word_1_85' title='bbox 1394 700 1476 754; x_wconf 92' lang='lat' dir='ltr'><strong>annis</strong></span> <span class='ocrx_word' id='word_1_86' title='bbox 1496 715 1570 763; x_wconf 83' lang='lat' dir='ltr'><strong>xxxv,</strong></span> <span class='ocrx_word' id='word_1_87' title='bbox 1586 698 1662 770; x_wconf 83' lang='lat' dir='ltr'><strong>regni</strong></span> <span class='ocrx_word' id='word_1_88' title='bbox 1676 703 1768 752; x_wconf 85' lang='lat' dir='ltr'><strong>autem</strong></span> 
     </span>
     <span class='ocr_line' id='line_1_8' title="bbox 94 788 1768 872; baseline -0.004 -22"><span class='ocrx_word' id='word_1_89' title='bbox 94 796 183 850; x_wconf 89' lang='lat' dir='ltr'><strong>sancti</strong></span> <span class='ocrx_word' id='word_1_90' title='bbox 203 796 305 851; x_wconf 77' lang='lat' dir='ltr'><strong>drnnlli</strong></span> <span class='ocrx_word' id='word_1_91' title='bbox 327 795 469 850; x_wconf 83' lang='lat' dir='ltr'><strong>lintrensis</strong></span> <span class='ocrx_word' id='word_1_92' title='bbox 483 795 607 866; x_wconf 82' lang='lat' dir='ltr'>episcopi</span> <span class='ocrx_word' id='word_1_93' title='bbox 632 793 698 857; x_wconf 88' lang='lat' dir='ltr'><strong>lilio,</strong></span> <span class='ocrx_word' id='word_1_94' title='bbox 717 795 800 870; x_wconf 76' lang='lat' dir='ltr'><strong>regie</strong></span> <span class='ocrx_word' id='word_1_95' title='bbox 815 795 909 872; x_wconf 81' lang='lat' dir='ltr'><strong>digni·</strong></span> <span class='ocrx_word' id='word_1_96' title='bbox 958 810 1053 858; x_wconf 84' lang='lat' dir='ltr'><strong>xxvur,</strong></span> <span class='ocrx_word' id='word_1_97' title='bbox 1070 809 1142 848; x_wconf 91' lang='lat' dir='ltr'><strong>anno</strong></span> <span class='ocrx_word' id='word_1_98' title='bbox 1157 792 1192 847; x_wconf 87' lang='lat' dir='ltr'><strong>ab</strong></span> <span class='ocrx_word' id='word_1_99' title='bbox 1220 792 1412 847; x_wconf 88' lang='lat' dir='ltr'><strong>incarnatione</strong></span> <span class='ocrx_word' id='word_1_100' title='bbox 1431 791 1539 847; x_wconf 85' lang='lat' dir='ltr'><strong>Domini</strong></span> <span class='ocrx_word' id='word_1_101' title='bbox 1555 790 1637 847; x_wconf 71' lang='lat' dir='ltr'><strong>etna</strong></span> <span class='ocrx_word' id='word_1_102' title='bbox 1653 788 1768 844; x_wconf 90' lang='lat' dir='ltr'><strong>transitu</strong></span> 
     </span>
     <span class='ocr_line' id='line_1_9' title="bbox 95 880 1770 961; baseline -0.004 -20"><span class='ocrx_word' id='word_1_103' title='bbox 95 889 160 942; x_wconf 90' lang='lat' dir='ltr'><strong>tatis</strong></span> <span class='ocrx_word' id='word_1_104' title='bbox 191 888 286 954; x_wconf 87' lang='lat' dir='ltr'><strong>denus,</strong></span> <span class='ocrx_word' id='word_1_105' title='bbox 310 889 384 961; x_wconf 86' lang='lat' dir='ltr'><strong>quod</strong></span> <span class='ocrx_word' id='word_1_106' title='bbox 415 887 526 960; x_wconf 79' lang='lat' dir='ltr'>peditus</span> <span class='ocrx_word' id='word_1_107' title='bbox 547 887 716 959; x_wconf 78' lang='lat' dir='ltr'><strong>disperserat</strong></span> <span class='ocrx_word' id='word_1_108' title='bbox 743 903 793 959; x_wconf 89' lang='lat' dir='ltr'><strong>per</strong></span> <span class='ocrx_word' id='word_1_109' title='bbox 812 904 907 960; x_wconf 78' lang='lat' dir='ltr'><strong>regum</strong></span> <span class='ocrx_word' id='word_1_110' title='bbox 960 883 987 937; x_wconf 88' lang='lat' dir='ltr'><strong>S.</strong></span> <span class='ocrx_word' id='word_1_111' title='bbox 1006 882 1112 938; x_wconf 89' lang='lat' dir='ltr'><strong>llartini</strong></span> <span class='ocrx_word' id='word_1_112' title='bbox 1132 898 1205 938; x_wconf 88' lang='lat' dir='ltr'><strong>anrtn</strong></span> <span class='ocrx_word' id='word_1_113' title='bbox 1226 899 1332 938; x_wconf 78' lang='lat' dir='ltr'><strong>nexunt</strong></span> <span class='ocrx_word' id='word_1_114' title='bbox 1360 883 1415 939; x_wconf 88' lang='lat' dir='ltr'><strong>llcx</strong></span> <span class='ocrx_word' id='word_1_115' title='bbox 1433 882 1562 938; x_wconf 88' lang='lat' dir='ltr'><strong>terribilis</strong></span> <span class='ocrx_word' id='word_1_116' title='bbox 1581 880 1652 952; x_wconf 91' lang='lat' dir='ltr'><strong>apud</strong></span> <span class='ocrx_word' id='word_1_117' title='bbox 1673 894 1770 936; x_wconf 87' lang='lat' dir='ltr'><strong>omnes</strong></span> 
     </span>
     <span class='ocr_line' id='line_1_10' title="bbox 95 971 1769 1051; baseline 0.001 -18"><span class='ocrx_word' id='word_1_118' title='bbox 95 979 263 1036; x_wconf 81' lang='lat' dir='ltr'>Francorum</span> <span class='ocrx_word' id='word_1_119' title='bbox 281 981 432 1036; x_wconf 75' lang='lat' dir='ltr'><strong>inauditam</strong></span> <span class='ocrx_word' id='word_1_120' title='bbox 447 979 593 1045; x_wconf 80' lang='lat' dir='ltr'><strong>desidiam,</strong></span> <span class='ocrx_word' id='word_1_121' title='bbox 610 995 749 1051; x_wconf 83' lang='lat' dir='ltr'><strong>perseam</strong></span> <span class='ocrx_word' id='word_1_122' title='bbox 771 980 910 1051; x_wconf 87' lang='lat' dir='ltr'><strong>reparavit</strong></span> <span class='ocrx_word' id='word_1_123' title='bbox 961 990 1040 1049; x_wconf 70' lang='lat' dir='ltr'><strong>reges</strong></span> <span class='ocrx_word' id='word_1_124' title='bbox 1054 983 1144 1038; x_wconf 60' lang='lat' dir='ltr'><strong>lew,</strong></span> <span class='ocrx_word' id='word_1_125' title='bbox 1160 974 1206 1038; x_wconf 72' lang='lat' dir='ltr'><strong>‘tui</strong></span> <span class='ocrx_word' id='word_1_126' title='bbox 1220 975 1308 1030; x_wconf 73' lang='lat' dir='ltr'><strong>aufert</strong></span> <span class='ocrx_word' id='word_1_127' title='bbox 1322 975 1452 1047; x_wconf 73' lang='lat' dir='ltr'><strong>Spiritum</strong></span> <span class='ocrx_word' id='word_1_128' title='bbox 1473 975 1640 1046; x_wconf 76' lang='lat' dir='ltr'><strong>principum,</strong></span> <span class='ocrx_word' id='word_1_129' title='bbox 1657 973 1684 1027; x_wconf 79' lang='lat' dir='ltr'><strong>in</strong></span> <span class='ocrx_word' id='word_1_130' title='bbox 1701 971 1769 1027; x_wconf 63' lang='lat' dir='ltr'><strong>flore</strong></span> 
     </span>
     <span class='ocr_line' id='line_1_11' title="bbox 95 1069 1768 1144; baseline 0 -21"><span class='ocrx_word' id='word_1_131' title='bbox 95 1069 265 1140; x_wconf 88' lang='lat' dir='ltr'><strong>prosapiam.</strong></span> <span class='ocrx_word' id='word_1_132' title='bbox 288 1070 349 1141; x_wconf 89' lang='lat' dir='ltr'><strong>lpsa</strong></span> <span class='ocrx_word' id='word_1_133' title='bbox 369 1070 505 1141; x_wconf 84' lang='lat' dir='ltr'><strong>siquidem</strong></span> <span class='ocrx_word' id='word_1_134' title='bbox 525 1070 623 1143; x_wconf 82' lang='lat' dir='ltr'><strong>genuit</strong></span> <span class='ocrx_word' id='word_1_135' title='bbox 637 1069 776 1140; x_wconf 84' lang='lat' dir='ltr'><strong>Pipinum.</strong></span> <span class='ocrx_word' id='word_1_136' title='bbox 794 1069 909 1140; x_wconf 89' lang='lat' dir='ltr'><strong>Pipinus</strong></span> <span class='ocrx_word' id='word_1_137' title='bbox 957 1073 1089 1144; x_wconf 85' lang='lat' dir='ltr'><strong>juvenilis</strong></span> <span class='ocrx_word' id='word_1_138' title='bbox 1109 1073 1197 1128; x_wconf 79' lang='lat' dir='ltr'><strong>etatis</strong></span> <span class='ocrx_word' id='word_1_139' title='bbox 1225 1089 1287 1127; x_wconf 89' lang='lat' dir='ltr'><strong>eum</strong></span> <span class='ocrx_word' id='word_1_140' title='bbox 1306 1073 1404 1128; x_wconf 89' lang='lat' dir='ltr'><strong>acerba</strong></span> <span class='ocrx_word' id='word_1_141' title='bbox 1420 1080 1508 1127; x_wconf 91' lang='lat' dir='ltr'><strong>morte</strong></span> <span class='ocrx_word' id='word_1_142' title='bbox 1532 1071 1623 1143; x_wconf 83' lang='lat' dir='ltr'><strong>rapuit</strong></span> <span class='ocrx_word' id='word_1_143' title='bbox 1644 1070 1678 1124; x_wconf 90' lang='lat' dir='ltr'><strong>de</strong></span> <span class='ocrx_word' id='word_1_144' title='bbox 1694 1084 1768 1141; x_wconf 87' lang='lat' dir='ltr'><strong>pne·</strong></span> 
     </span>
     <span class='ocr_line' id='line_1_12' title="bbox 94 1161 1769 1236; baseline 0.001 -20"><span class='ocrx_word' id='word_1_145' title='bbox 94 1161 234 1230; x_wconf 89' lang='lat' dir='ltr'><strong>Carolum,</strong></span> <span class='ocrx_word' id='word_1_146' title='bbox 256 1162 303 1234; x_wconf 87' lang='lat' dir='ltr'><strong>qui</strong></span> <span class='ocrx_word' id='word_1_147' title='bbox 317 1161 446 1228; x_wconf 64' lang='lat' dir='ltr'><strong>ludices,</strong></span> <span class='ocrx_word' id='word_1_148' title='bbox 474 1162 501 1218; x_wconf 91' lang='lat' dir='ltr'><strong>id</strong></span> <span class='ocrx_word' id='word_1_149' title='bbox 530 1169 571 1218; x_wconf 86' lang='lat' dir='ltr'><strong>est</strong></span> <span class='ocrx_word' id='word_1_150' title='bbox 598 1161 746 1228; x_wconf 86' lang='lat' dir='ltr'><strong>llartellus,</strong></span> <span class='ocrx_word' id='word_1_151' title='bbox 760 1167 803 1218; x_wconf 93' lang='lat' dir='ltr'><strong>est</strong></span> <span class='ocrx_word' id='word_1_152' title='bbox 822 1176 909 1235; x_wconf 79' lang='lat' dir='ltr'><strong>agno·</strong></span> <span class='ocrx_word' id='word_1_153' title='bbox 959 1165 1029 1220; x_wconf 84' lang='lat' dir='ltr'><strong>scuti</strong></span> <span class='ocrx_word' id='word_1_154' title='bbox 1050 1165 1151 1221; x_wconf 75' lang='lat' dir='ltr'><strong>saeculo</strong></span> <span class='ocrx_word' id='word_1_155' title='bbox 1168 1181 1299 1236; x_wconf 82' lang='lat' dir='ltr'><strong>nequam,</strong></span> <span class='ocrx_word' id='word_1_156' title='bbox 1317 1170 1345 1219; x_wconf 89' lang='lat' dir='ltr'><strong>et</strong></span> <span class='ocrx_word' id='word_1_157' title='bbox 1365 1165 1392 1218; x_wconf 94' lang='lat' dir='ltr'><strong>in</strong></span> <span class='ocrx_word' id='word_1_158' title='bbox 1405 1164 1510 1218; x_wconf 80' lang='lat' dir='ltr'><strong>roetrstt</strong></span> <span class='ocrx_word' id='word_1_159' title='bbox 1524 1164 1598 1219; x_wconf 87' lang='lat' dir='ltr'><strong>curia</strong></span> <span class='ocrx_word' id='word_1_160' title='bbox 1613 1163 1638 1218; x_wconf 92' lang='lat' dir='ltr'><strong>ci</strong></span> <span class='ocrx_word' id='word_1_161' title='bbox 1653 1161 1769 1218; x_wconf 88' lang='lat' dir='ltr'><strong>contulit</strong></span> 
     </span>
     <span class='ocr_line' id='line_1_13' title="bbox 97 1251 1768 1328; baseline 0.001 -23"><span class='ocrx_word' id='word_1_162' title='bbox 97 1252 229 1318; x_wconf 89' lang='lat' dir='ltr'><strong>minatus,</strong></span> <span class='ocrx_word' id='word_1_163' title='bbox 251 1252 363 1307; x_wconf 80' lang='lat' dir='ltr'><strong>Carolus</strong></span> <span class='ocrx_word' id='word_1_164' title='bbox 378 1252 504 1323; x_wconf 89' lang='lat' dir='ltr'><strong>Pipinum</strong></span> <span class='ocrx_word' id='word_1_165' title='bbox 531 1253 650 1324; x_wconf 89' lang='lat' dir='ltr'><strong>primum</strong></span> <span class='ocrx_word' id='word_1_166' title='bbox 675 1267 779 1325; x_wconf 81' lang='lat' dir='ltr'><strong>regern,</strong></span> <span class='ocrx_word' id='word_1_167' title='bbox 795 1251 909 1322; x_wconf 91' lang='lat' dir='ltr'><strong>Pipinus</strong></span> <span class='ocrx_word' id='word_1_168' title='bbox 958 1270 1030 1309; x_wconf 86' lang='lat' dir='ltr'><strong>verae</strong></span> <span class='ocrx_word' id='word_1_169' title='bbox 1046 1253 1189 1328; x_wconf 83' lang='lat' dir='ltr'><strong>dignitatis</strong></span> <span class='ocrx_word' id='word_1_170' title='bbox 1201 1253 1327 1327; x_wconf 71' lang='lat' dir='ltr'><strong>gloriam.</strong></span> <span class='ocrx_word' id='word_1_171' title='bbox 1347 1251 1419 1307; x_wconf 90' lang='lat' dir='ltr'><strong>Obiit</strong></span> <span class='ocrx_word' id='word_1_172' title='bbox 1434 1251 1563 1306; x_wconf 82' lang='lat' dir='ltr'><strong>Kalendis</strong></span> <span class='ocrx_word' id='word_1_173' title='bbox 1578 1251 1725 1315; x_wconf 77' lang='lat' dir='ltr'><strong>Februarii,</strong></span> <span class='ocrx_word' id='word_1_174' title='bbox 1741 1257 1768 1307; x_wconf 91' lang='lat' dir='ltr'><strong>nt</strong></span> 
     </span>
     <span class='ocr_line' id='line_1_14' title="bbox 96 1341 1767 1418; baseline 0.002 -24"><span class='ocrx_word' id='word_1_175' title='bbox 96 1341 235 1407; x_wconf 78' lang='lat' dir='ltr'><strong>Carnium,</strong></span> <span class='ocrx_word' id='word_1_176' title='bbox 262 1348 446 1416; x_wconf 80' lang='lat' dir='ltr'><strong>cognomento</strong></span> <span class='ocrx_word' id='word_1_177' title='bbox 463 1341 602 1416; x_wconf 81' lang='lat' dir='ltr'><strong>ldagnum,</strong></span> <span class='ocrx_word' id='word_1_178' title='bbox 627 1341 792 1395; x_wconf 80' lang='lat' dir='ltr'><strong>Francorum</strong></span> <span class='ocrx_word' id='word_1_179' title='bbox 814 1357 906 1414; x_wconf 80' lang='lat' dir='ltr'><strong>regern</strong></span> <span class='ocrx_word' id='word_1_180' title='bbox 959 1346 1083 1418; x_wconf 89' lang='lat' dir='ltr'><strong>sepultus</strong></span> <span class='ocrx_word' id='word_1_181' title='bbox 1098 1354 1140 1401; x_wconf 91' lang='lat' dir='ltr'><strong>est</strong></span> <span class='ocrx_word' id='word_1_182' title='bbox 1155 1345 1181 1400; x_wconf 91' lang='lat' dir='ltr'><strong>in</strong></span> <span class='ocrx_word' id='word_1_183' title='bbox 1210 1344 1279 1400; x_wconf 92' lang='lat' dir='ltr'><strong>urbe</strong></span> <span class='ocrx_word' id='word_1_184' title='bbox 1305 1344 1405 1410; x_wconf 79' lang='lat' dir='ltr'><strong>blattis,</strong></span> <span class='ocrx_word' id='word_1_185' title='bbox 1432 1360 1493 1415; x_wconf 70' lang='lat' dir='ltr'><strong>qnae</strong></span> <span class='ocrx_word' id='word_1_186' title='bbox 1523 1344 1600 1415; x_wconf 79' lang='lat' dir='ltr'><strong>regni</strong></span> <span class='ocrx_word' id='word_1_187' title='bbox 1621 1345 1663 1398; x_wconf 90' lang='lat' dir='ltr'><strong>sui</strong></span> <span class='ocrx_word' id='word_1_188' title='bbox 1684 1342 1767 1398; x_wconf 89' lang='lat' dir='ltr'><strong>sedes</strong></span> 
     </span>
     <span class='ocr_line' id='line_1_15' title="bbox 97 1428 1768 1506; baseline 0.002 -24"><span class='ocrx_word' id='word_1_189' title='bbox 97 1435 124 1482; x_wconf 89' lang='lat' dir='ltr'><strong>et</strong></span> <span class='ocrx_word' id='word_1_190' title='bbox 149 1428 346 1498; x_wconf 89' lang='lat' dir='ltr'><strong>imperatorem</strong></span> <span class='ocrx_word' id='word_1_191' title='bbox 378 1429 575 1493; x_wconf 82' lang='lat' dir='ltr'><strong>Romanorum,</strong></span> <span class='ocrx_word' id='word_1_192' title='bbox 603 1430 649 1501; x_wconf 89' lang='lat' dir='ltr'><strong>qui</strong></span> <span class='ocrx_word' id='word_1_193' title='bbox 673 1444 706 1484; x_wconf 94' lang='lat' dir='ltr'><strong>eo</strong></span> <span class='ocrx_word' id='word_1_194' title='bbox 738 1428 852 1485; x_wconf 80' lang='lat' dir='ltr'><strong>lionoris</strong></span> <span class='ocrx_word' id='word_1_195' title='bbox 884 1437 912 1486; x_wconf 87' lang='lat' dir='ltr'><strong>et</strong></span> <span class='ocrx_word' id='word_1_196' title='bbox 962 1435 1105 1503; x_wconf 87' lang='lat' dir='ltr'><strong>luerat,in</strong></span> <span class='ocrx_word' id='word_1_197' title='bbox 1125 1434 1239 1489; x_wconf 86' lang='lat' dir='ltr'><strong>basilica</strong></span> <span class='ocrx_word' id='word_1_198' title='bbox 1261 1449 1342 1506; x_wconf 89' lang='lat' dir='ltr'><strong>quam</strong></span> <span class='ocrx_word' id='word_1_199' title='bbox 1371 1433 1404 1486; x_wconf 90' lang='lat' dir='ltr'><strong>ad</strong></span> <span class='ocrx_word' id='word_1_200' title='bbox 1420 1432 1527 1486; x_wconf 85' lang='lat' dir='ltr'><strong>laudern</strong></span> <span class='ocrx_word' id='word_1_201' title='bbox 1544 1441 1571 1486; x_wconf 87' lang='lat' dir='ltr'><strong>et</strong></span> <span class='ocrx_word' id='word_1_202' title='bbox 1589 1431 1703 1505; x_wconf 75' lang='lat' dir='ltr'><strong>gloriam</strong></span> <span class='ocrx_word' id='word_1_203' title='bbox 1721 1431 1768 1486; x_wconf 78' lang='lat' dir='ltr'><strong>liei</strong></span> 
     </span>
     <span class='ocr_line' id='line_1_16' title="bbox 94 1517 1768 1616; baseline 0.002 -45"><span class='ocrx_word' id='word_1_204' title='bbox 94 1517 225 1586; x_wconf 82' lang='lat' dir='ltr'><strong>potentiae</strong></span> <span class='ocrx_word' id='word_1_205' title='bbox 245 1517 392 1588; x_wconf 91' lang='lat' dir='ltr'><strong>processit,</strong></span> <span class='ocrx_word' id='word_1_206' title='bbox 408 1526 437 1572; x_wconf 95' lang='lat' dir='ltr'><strong>ut</strong></span> <span class='ocrx_word' id='word_1_207' title='bbox 457 1518 547 1572; x_wconf 91' lang='lat' dir='ltr'><strong>nullus</strong></span> <span class='ocrx_word' id='word_1_208' title='bbox 563 1518 598 1572; x_wconf 88' lang='lat' dir='ltr'><strong>de</strong></span> <span class='ocrx_word' id='word_1_209' title='bbox 614 1517 726 1592; x_wconf 75' lang='lat' dir='ltr'><strong>regibus</strong></span> <span class='ocrx_word' id='word_1_210' title='bbox 742 1518 903 1574; x_wconf 85' lang='lat' dir='ltr'><strong>Francorum</strong></span> <span class='ocrx_word' id='word_1_211' title='bbox 918 1548 942 1616; x_wconf 78' lang='lat' dir='ltr'>B</span> <span class='ocrx_word' id='word_1_212' title='bbox 955 1542 983 1599; x_wconf 63' lang='lat' dir='ltr'><strong>jn</strong></span> <span class='ocrx_word' id='word_1_213' title='bbox 1000 1526 1106 1580; x_wconf 88' lang='lat' dir='ltr'><strong>honore</strong></span> <span class='ocrx_word' id='word_1_214' title='bbox 1127 1523 1215 1579; x_wconf 92' lang='lat' dir='ltr'><strong>saneti</strong></span> <span class='ocrx_word' id='word_1_215' title='bbox 1232 1522 1341 1578; x_wconf 88' lang='lat' dir='ltr'><strong>llartini</strong></span> <span class='ocrx_word' id='word_1_216' title='bbox 1369 1521 1483 1595; x_wconf 85' lang='lat' dir='ltr'><strong>gloriosi</strong></span> <span class='ocrx_word' id='word_1_217' title='bbox 1499 1519 1666 1575; x_wconf 80' lang='lat' dir='ltr'><strong>contessoris</strong></span> <span class='ocrx_word' id='word_1_218' title='bbox 1692 1519 1768 1593; x_wconf 83' lang='lat' dir='ltr'><strong>regia</strong></span> 
     </span>
     <span class='ocr_line' id='line_1_17' title="bbox 92 1609 1766 1685; baseline 0.001 -22"><span class='ocrx_word' id='word_1_219' title='bbox 92 1610 135 1664; x_wconf 87' lang='lat' dir='ltr'><strong>vel</strong></span> <span class='ocrx_word' id='word_1_220' title='bbox 164 1617 229 1664; x_wconf 82' lang='lat' dir='ltr'><strong>atate</strong></span> <span class='ocrx_word' id='word_1_221' title='bbox 262 1625 325 1664; x_wconf 93' lang='lat' dir='ltr'><strong>eum</strong></span> <span class='ocrx_word' id='word_1_222' title='bbox 352 1609 394 1664; x_wconf 83' lang='lat' dir='ltr'><strong>rel</strong></span> <span class='ocrx_word' id='word_1_223' title='bbox 434 1619 584 1681; x_wconf 87' lang='lat' dir='ltr'><strong>postcom</strong></span> <span class='ocrx_word' id='word_1_224' title='bbox 624 1611 776 1683; x_wconf 87' lang='lat' dir='ltr'><strong>comparari</strong></span> <span class='ocrx_word' id='word_1_225' title='bbox 805 1618 905 1682; x_wconf 91' lang='lat' dir='ltr'><strong>potne-</strong></span> <span class='ocrx_word' id='word_1_226' title='bbox 956 1615 1121 1671; x_wconf 87' lang='lat' dir='ltr'><strong>liberalitate</strong></span> <span class='ocrx_word' id='word_1_227' title='bbox 1149 1621 1433 1685; x_wconf 56' lang='lat' dir='ltr'><strong>construxeruntque</strong></span> <span class='ocrx_word' id='word_1_228' title='bbox 1461 1613 1515 1669; x_wconf 88' lang='lat' dir='ltr'><strong>sita</strong></span> <span class='ocrx_word' id='word_1_229' title='bbox 1543 1620 1585 1667; x_wconf 86' lang='lat' dir='ltr'><strong>est</strong></span> <span class='ocrx_word' id='word_1_230' title='bbox 1607 1611 1641 1666; x_wconf 91' lang='lat' dir='ltr'><strong>ad</strong></span> <span class='ocrx_word' id='word_1_231' title='bbox 1658 1611 1766 1666; x_wconf 87' lang='lat' dir='ltr'><strong>radiens</strong></span> 
     </span>
     <span class='ocr_line' id='line_1_18' title="bbox 94 1701 1765 1782; baseline -0.008 -8"><span class='ocrx_word' id='word_1_232' title='bbox 94 1701 140 1756; x_wconf 63' lang='grc' dir='ltr'><strong>Γῑῑ·</strong></span> <span class='ocrx_word' id='word_1_233' title='bbox 954 1712 1066 1775; x_wconf 91' lang='lat' dir='ltr'><strong>montis,</strong></span> <span class='ocrx_word' id='word_1_234' title='bbox 1089 1710 1136 1782; x_wconf 89' lang='lat' dir='ltr'><strong>qui</strong></span> <span class='ocrx_word' id='word_1_235' title='bbox 1162 1710 1297 1779; x_wconf 91' lang='lat' dir='ltr'><strong>plurimus</strong></span> <span class='ocrx_word' id='word_1_236' title='bbox 1325 1708 1451 1763; x_wconf 85' lang='lat' dir='ltr'><strong>imminet</strong></span> <span class='ocrx_word' id='word_1_237' title='bbox 1478 1708 1549 1770; x_wconf 81' lang='lat' dir='ltr'><strong>urbi,</strong></span> <span class='ocrx_word' id='word_1_238' title='bbox 1578 1706 1765 1778; x_wconf 78' lang='lat' dir='ltr'><strong>adversasque</strong></span> 
     </span>
     <span class='ocr_line' id='line_1_19' title="bbox 128 1789 1313 1870; baseline 0.003 -26"><span class='ocrx_word' id='word_1_239' title='bbox 128 1790 301 1846; x_wconf 89' lang='lat' dir='ltr'><strong>Grimoaidus</strong></span> <span class='ocrx_word' id='word_1_240' title='bbox 317 1806 367 1862; x_wconf 90' lang='lat' dir='ltr'><strong>prn</strong></span> <span class='ocrx_word' id='word_1_241' title='bbox 383 1796 461 1862; x_wconf 89' lang='lat' dir='ltr'><strong>patre</strong></span> <span class='ocrx_word' id='word_1_242' title='bbox 475 1805 527 1844; x_wconf 92' lang='lat' dir='ltr'><strong>sun</strong></span> <span class='ocrx_word' id='word_1_243' title='bbox 546 1790 645 1860; x_wconf 88' lang='lat' dir='ltr'><strong>Pipinn</strong></span> <span class='ocrx_word' id='word_1_244' title='bbox 667 1789 833 1848; x_wconf 86' lang='lat' dir='ltr'><strong>constitutus</strong></span> <span class='ocrx_word' id='word_1_245' title='bbox 848 1808 903 1847; x_wconf 92' lang='lat' dir='ltr'><strong>ma·</strong></span> <span class='ocrx_word' id='word_1_246' title='bbox 953 1804 1078 1870; x_wconf 79' lang='lat' dir='ltr'><strong>aspectat</strong></span> <span class='ocrx_word' id='word_1_247' title='bbox 1092 1798 1212 1869; x_wconf 76' lang='lat' dir='ltr'><strong>desuper</strong></span> <span class='ocrx_word' id='word_1_248' title='bbox 1227 1812 1313 1852; x_wconf 81' lang='lat' dir='ltr'><strong>arces,</strong></span> 
     </span>
    </p>

    <p class='ocr_par' dir='ltr' id='par_1_3' title="bbox 86 1885 1802 3598">
     <span class='ocr_line' id='line_1_20' title="bbox 88 1885 1763 1962; baseline 0.001 -22"><span class='ocrx_word' id='word_1_249' title='bbox 88 1886 134 1954; x_wconf 88' lang='lat' dir='ltr'><strong>jor</strong></span> <span class='ocrx_word' id='word_1_250' title='bbox 147 1885 246 1941; x_wconf 91' lang='lat' dir='ltr'><strong>domus</strong></span> <span class='ocrx_word' id='word_1_251' title='bbox 261 1892 390 1956; x_wconf 62' lang='lat' dir='ltr'><strong>{intentor</strong></span> <span class='ocrx_word' id='word_1_252' title='bbox 406 1886 433 1940; x_wconf 94' lang='lat' dir='ltr'><strong>in</strong></span> <span class='ocrx_word' id='word_1_253' title='bbox 449 1886 511 1940; x_wconf 89' lang='lat' dir='ltr'><strong>aula</strong></span> <span class='ocrx_word' id='word_1_254' title='bbox 527 1885 658 1956; x_wconf 78' lang='lat' dir='ltr'><strong>sigiberti</strong></span> <span class='ocrx_word' id='word_1_255' title='bbox 675 1885 748 1958; x_wconf 79' lang='lat' dir='ltr'><strong>regis</strong></span> <span class='ocrx_word' id='word_1_256' title='bbox 762 1885 902 1957; x_wconf 91' lang='lat' dir='ltr'><strong>principa·</strong></span> <span class='ocrx_word' id='word_1_257' title='bbox 987 1889 1006 1945; x_wconf 90' lang='lat'>0</span> <span class='ocrx_word' id='word_1_258' title='bbox 1029 1907 1111 1962; x_wconf 90' lang='lat' dir='ltr'><strong>quarn</strong></span> <span class='ocrx_word' id='word_1_259' title='bbox 1139 1889 1240 1945; x_wconf 92' lang='lat' dir='ltr'><strong>multos</strong></span> <span class='ocrx_word' id='word_1_260' title='bbox 1267 1905 1341 1961; x_wconf 82' lang='lat' dir='ltr'><strong>saepe</strong></span> <span class='ocrx_word' id='word_1_261' title='bbox 1360 1887 1475 1944; x_wconf 90' lang='lat' dir='ltr'><strong>ambitio</strong></span> <span class='ocrx_word' id='word_1_262' title='bbox 1489 1886 1616 1958; x_wconf 85' lang='lat' dir='ltr'><strong>decepit!</strong></span> <span class='ocrx_word' id='word_1_263' title='bbox 1648 1902 1664 1942; x_wconf 94' lang='lat' dir='ltr'><strong>o</strong></span> <span class='ocrx_word' id='word_1_264' title='bbox 1681 1902 1763 1958; x_wconf 82' lang='lat' dir='ltr'><strong>quam</strong></span> 
     </span>
     <span class='ocr_line' id='line_1_21' title="bbox 91 1969 1762 2050; baseline -0.002 -21"><span class='ocrx_word' id='word_1_265' title='bbox 91 1977 223 2042; x_wconf 88' lang='lat' dir='ltr'><strong>batur,et</strong></span> <span class='ocrx_word' id='word_1_266' title='bbox 243 1975 317 2030; x_wconf 90' lang='lat' dir='ltr'><strong>domi</strong></span> <span class='ocrx_word' id='word_1_267' title='bbox 338 1974 500 2047; x_wconf 82' lang='lat' dir='ltr'><strong>militiaeque</strong></span> <span class='ocrx_word' id='word_1_268' title='bbox 518 1991 634 2047; x_wconf 80' lang='lat' dir='ltr'><strong>regnum</strong></span> <span class='ocrx_word' id='word_1_269' title='bbox 659 1975 775 2031; x_wconf 86' lang='lat' dir='ltr'><strong>viriliter</strong></span> <span class='ocrx_word' id='word_1_270' title='bbox 794 1976 901 2032; x_wconf 90' lang='lat' dir='ltr'><strong>tutaba·</strong></span> <span class='ocrx_word' id='word_1_271' title='bbox 953 1980 1055 2034; x_wconf 90' lang='lat' dir='ltr'><strong>ntultns</strong></span> <span class='ocrx_word' id='word_1_272' title='bbox 1077 1978 1202 2050; x_wconf 81' lang='lat' dir='ltr'><strong>perlidns</strong></span> <span class='ocrx_word' id='word_1_273' title='bbox 1225 1978 1318 2034; x_wconf 89' lang='lat' dir='ltr'><strong>divina</strong></span> <span class='ocrx_word' id='word_1_274' title='bbox 1344 1977 1412 2034; x_wconf 86' lang='lat' dir='ltr'><strong>ultio</strong></span> <span class='ocrx_word' id='word_1_275' title='bbox 1440 1994 1515 2049; x_wconf 80' lang='lat' dir='ltr'><strong>saepe</strong></span> <span class='ocrx_word' id='word_1_276' title='bbox 1544 1992 1652 2047; x_wconf 79' lang='lat' dir='ltr'><strong>passum</strong></span> <span class='ocrx_word' id='word_1_277' title='bbox 1671 1969 1762 2031; x_wconf 87' lang='lat' dir='ltr'><strong>deditl</strong></span> 
     </span>
     <span class='ocr_line' id='line_1_22' title="bbox 92 2063 1764 2141; baseline 0 -22"><span class='ocrx_word' id='word_1_278' title='bbox 92 2072 146 2120; x_wconf 91' lang='lat' dir='ltr'><strong>tur.</strong></span> <span class='ocrx_word' id='word_1_279' title='bbox 164 2063 232 2129; x_wconf 83' lang='lat' dir='ltr'><strong>Quia</strong></span> <span class='ocrx_word' id='word_1_280' title='bbox 246 2078 311 2119; x_wconf 90' lang='lat' dir='ltr'><strong>vern</strong></span> <span class='ocrx_word' id='word_1_281' title='bbox 327 2063 481 2137; x_wconf 70' lang='lat' dir='ltr'><strong>sigibertus</strong></span> <span class='ocrx_word' id='word_1_282' title='bbox 500 2079 547 2119; x_wconf 88' lang='lat' dir='ltr'><strong>rex</strong></span> <span class='ocrx_word' id='word_1_283' title='bbox 567 2064 753 2120; x_wconf 87' lang='lat' dir='ltr'><strong>Crimnaldum</strong></span> <span class='ocrx_word' id='word_1_284' title='bbox 769 2065 901 2135; x_wconf 77' lang='lat' dir='ltr'><strong>maiorem</strong></span> <span class='ocrx_word' id='word_1_285' title='bbox 952 2069 1056 2123; x_wconf 89' lang='lat' dir='ltr'><strong>llortun</strong></span> <span class='ocrx_word' id='word_1_286' title='bbox 1085 2068 1224 2140; x_wconf 72' lang='lat' dir='ltr'><strong>sigiberto</strong></span> <span class='ocrx_word' id='word_1_287' title='bbox 1252 2083 1328 2141; x_wconf 81' lang='lat' dir='ltr'><strong>rege,</strong></span> <span class='ocrx_word' id='word_1_288' title='bbox 1354 2066 1526 2122; x_wconf 89' lang='lat' dir='ltr'><strong>Grimoaidus</strong></span> <span class='ocrx_word' id='word_1_289' title='bbox 1557 2064 1645 2133; x_wconf 85' lang='lat' dir='ltr'><strong>majnr</strong></span> <span class='ocrx_word' id='word_1_290' title='bbox 1664 2064 1764 2120; x_wconf 91' lang='lat' dir='ltr'><strong>domus</strong></span> 
     </span>
     <span class='ocr_line' id='line_1_23' title="bbox 92 2154 1763 2234; baseline 0 -24"><span class='ocrx_word' id='word_1_291' title='bbox 92 2157 192 2212; x_wconf 84' lang='lat' dir='ltr'><strong>‹lontus</strong></span> <span class='ocrx_word' id='word_1_292' title='bbox 203 2155 255 2211; x_wconf 89' lang='lat' dir='ltr'><strong>sibi</strong></span> <span class='ocrx_word' id='word_1_293' title='bbox 267 2155 294 2210; x_wconf 93' lang='lat' dir='ltr'><strong>in</strong></span> <span class='ocrx_word' id='word_1_294' title='bbox 307 2155 437 2211; x_wconf 90' lang='lat' dir='ltr'><strong>omnibus</strong></span> <span class='ocrx_word' id='word_1_295' title='bbox 449 2154 571 2223; x_wconf 81' lang='lat' dir='ltr'><strong>fidelem,</strong></span> <span class='ocrx_word' id='word_1_296' title='bbox 584 2157 754 2232; x_wconf 79' lang='lat' dir='ltr'><strong>morigerum</strong></span> <span class='ocrx_word' id='word_1_297' title='bbox 764 2166 791 2213; x_wconf 92' lang='lat' dir='ltr'><strong>et</strong></span> <span class='ocrx_word' id='word_1_298' title='bbox 800 2173 897 2229; x_wconf 88' lang='lat' dir='ltr'><strong>nnope·</strong></span> <span class='ocrx_word' id='word_1_299' title='bbox 954 2160 1136 2234; x_wconf 75' lang='lat' dir='ltr'><strong>[ingobertum</strong></span> <span class='ocrx_word' id='word_1_300' title='bbox 1151 2159 1237 2213; x_wconf 91' lang='lat' dir='ltr'><strong>lilium</strong></span> <span class='ocrx_word' id='word_1_301' title='bbox 1252 2159 1313 2227; x_wconf 88' lang='lat' dir='ltr'><strong>ejus</strong></span> <span class='ocrx_word' id='word_1_302' title='bbox 1331 2175 1387 2213; x_wconf 79' lang='lat' dir='ltr'><strong>suae</strong></span> <span class='ocrx_word' id='word_1_303' title='bbox 1401 2157 1465 2212; x_wconf 82' lang='lat' dir='ltr'><strong>litlei</strong></span> <span class='ocrx_word' id='word_1_304' title='bbox 1478 2156 1712 2223; x_wconf 81' lang='lat' dir='ltr'><strong>commendatum,</strong></span> <span class='ocrx_word' id='word_1_305' title='bbox 1733 2162 1763 2210; x_wconf 94' lang='lat' dir='ltr'><strong>ut</strong></span> 
     </span>
     <span class='ocr_line' id='line_1_24' title="bbox 93 2243 1763 2320; baseline -0.003 -18"><span class='ocrx_word' id='word_1_306' title='bbox 93 2256 210 2304; x_wconf 82' lang='lat' dir='ltr'><strong>ratorem</strong></span> <span class='ocrx_word' id='word_1_307' title='bbox 240 2254 432 2303; x_wconf 87' lang='lat' dir='ltr'><strong>eatenuserat</strong></span> <span class='ocrx_word' id='word_1_308' title='bbox 457 2254 597 2318; x_wconf 82' lang='lat' dir='ltr'><strong>expertus,</strong></span> <span class='ocrx_word' id='word_1_309' title='bbox 627 2247 712 2303; x_wconf 90' lang='lat' dir='ltr'><strong>lilium</strong></span> <span class='ocrx_word' id='word_1_310' title='bbox 745 2249 806 2318; x_wconf 78' lang='lat' dir='ltr'><strong>eius</strong></span> <span class='ocrx_word' id='word_1_311' title='bbox 825 2248 902 2304; x_wconf 86' lang='lat' dir='ltr'><strong>Chil·</strong></span> <span class='ocrx_word' id='word_1_312' title='bbox 955 2249 1154 2304; x_wconf 77' lang='lat' dir='ltr'><strong>austrasiorum</strong></span> <span class='ocrx_word' id='word_1_313' title='bbox 1183 2249 1318 2320; x_wconf 83' lang='lat' dir='ltr'><strong>potiretur</strong></span> <span class='ocrx_word' id='word_1_314' title='bbox 1341 2263 1438 2320; x_wconf 84' lang='lat' dir='ltr'><strong>regno,</strong></span> <span class='ocrx_word' id='word_1_315' title='bbox 1465 2245 1617 2301; x_wconf 80' lang='lat' dir='ltr'><strong>tonsoravit</strong></span> <span class='ocrx_word' id='word_1_316' title='bbox 1637 2245 1665 2298; x_wconf 94' lang='lat' dir='ltr'><strong>in</strong></span> <span class='ocrx_word' id='word_1_317' title='bbox 1685 2243 1763 2298; x_wconf 90' lang='lat' dir='ltr'><strong>cleri·</strong></span> 
     </span>
     <span class='ocr_line' id='line_1_25' title="bbox 90 2334 1763 2411; baseline -0.003 -18"><span class='ocrx_word' id='word_1_318' title='bbox 90 2337 237 2393; x_wconf 91' lang='lat' dir='ltr'><strong>debertum</strong></span> <span class='ocrx_word' id='word_1_319' title='bbox 268 2337 346 2410; x_wconf 77' lang='lat' dir='ltr'><strong>regni</strong></span> <span class='ocrx_word' id='word_1_320' title='bbox 385 2337 585 2392; x_wconf 76' lang='lat' dir='ltr'><strong>austrasiorum</strong></span> <span class='ocrx_word' id='word_1_321' title='bbox 623 2337 761 2392; x_wconf 82' lang='lat' dir='ltr'><strong>haeredem</strong></span> <span class='ocrx_word' id='word_1_322' title='bbox 790 2338 905 2411; x_wconf 78' lang='lat' dir='ltr'><strong>delege-</strong></span> <span class='ocrx_word' id='word_1_323' title='bbox 954 2354 1026 2401; x_wconf 87' lang='lat' dir='ltr'><strong>curn,</strong></span> <span class='ocrx_word' id='word_1_324' title='bbox 1041 2337 1159 2394; x_wconf 89' lang='lat' dir='ltr'><strong>consilio</strong></span> <span class='ocrx_word' id='word_1_325' title='bbox 1174 2337 1288 2393; x_wconf 88' lang='lat' dir='ltr'><strong>llidonis</strong></span> <span class='ocrx_word' id='word_1_326' title='bbox 1303 2337 1481 2392; x_wconf 82' lang='lat' dir='ltr'><strong>Pictaviensis</strong></span> <span class='ocrx_word' id='word_1_327' title='bbox 1494 2336 1631 2408; x_wconf 87' lang='lat' dir='ltr'><strong>episcopi,</strong></span> <span class='ocrx_word' id='word_1_328' title='bbox 1647 2335 1693 2408; x_wconf 88' lang='lat' dir='ltr'><strong>qui</strong></span> <span class='ocrx_word' id='word_1_329' title='bbox 1711 2334 1763 2389; x_wconf 88' lang='lat' dir='ltr'><strong>luit</strong></span> 
     </span>
     <span class='ocr_line' id='line_1_26' title="bbox 90 2426 1760 2502; baseline 0 -22"><span class='ocrx_word' id='word_1_330' title='bbox 90 2433 142 2489; x_wconf 86' lang='lat' dir='ltr'><strong>rat,</strong></span> <span class='ocrx_word' id='word_1_331' title='bbox 159 2426 211 2481; x_wconf 88' lang='lat' dir='ltr'><strong>lton</strong></span> <span class='ocrx_word' id='word_1_332' title='bbox 227 2435 317 2481; x_wconf 91' lang='lat' dir='ltr'><strong>tamen</strong></span> <span class='ocrx_word' id='word_1_333' title='bbox 328 2426 471 2497; x_wconf 91' lang='lat' dir='ltr'><strong>proposito</strong></span> <span class='ocrx_word' id='word_1_334' title='bbox 487 2427 656 2481; x_wconf 88' lang='lat' dir='ltr'><strong>conditionis</strong></span> <span class='ocrx_word' id='word_1_335' title='bbox 668 2435 763 2483; x_wconf 88' lang='lat' dir='ltr'><strong>tenore</strong></span> <span class='ocrx_word' id='word_1_336' title='bbox 778 2427 801 2482; x_wconf 93' lang='lat' dir='ltr'><strong>si</strong></span> <span class='ocrx_word' id='word_1_337' title='bbox 813 2428 902 2498; x_wconf 91' lang='lat' dir='ltr'><strong>ipsum</strong></span> <span class='ocrx_word' id='word_1_338' title='bbox 954 2430 1105 2485; x_wconf 90' lang='lat' dir='ltr'><strong>avunculus</strong></span> <span class='ocrx_word' id='word_1_339' title='bbox 1117 2430 1203 2485; x_wconf 89' lang='lat' dir='ltr'><strong>sancti</strong></span> <span class='ocrx_word' id='word_1_340' title='bbox 1220 2431 1348 2502; x_wconf 75' lang='lat' dir='ltr'><strong>martyris</strong></span> <span class='ocrx_word' id='word_1_341' title='bbox 1362 2429 1534 2501; x_wconf 78' lang='lat' dir='ltr'><strong>leodegarii,</strong></span> <span class='ocrx_word' id='word_1_342' title='bbox 1550 2436 1635 2499; x_wconf 90' lang='lat' dir='ltr'><strong>otper</strong></span> <span class='ocrx_word' id='word_1_343' title='bbox 1650 2441 1760 2483; x_wconf 89' lang='lat' dir='ltr'><strong>manum</strong></span> 
     </span>
     <span class='ocr_line' id='line_1_27' title="bbox 90 2516 1763 2594; baseline -0.002 -20"><span class='ocrx_word' id='word_1_344' title='bbox 90 2520 266 2594; x_wconf 82' lang='lat' dir='ltr'><strong>contingeret</strong></span> <span class='ocrx_word' id='word_1_345' title='bbox 291 2520 351 2575; x_wconf 89' lang='lat' dir='ltr'><strong>sine</strong></span> <span class='ocrx_word' id='word_1_346' title='bbox 373 2518 470 2574; x_wconf 89' lang='lat' dir='ltr'><strong>liberis</strong></span> <span class='ocrx_word' id='word_1_347' title='bbox 485 2519 573 2574; x_wconf 90' lang='lat' dir='ltr'><strong>obire.</strong></span> <span class='ocrx_word' id='word_1_348' title='bbox 591 2520 647 2574; x_wconf 85' lang='lat' dir='ltr'><strong>llnx</strong></span> <span class='ocrx_word' id='word_1_349' title='bbox 670 2519 793 2591; x_wconf 87' lang='lat' dir='ltr'><strong>quidem,</strong></span> <span class='ocrx_word' id='word_1_350' title='bbox 810 2526 903 2592; x_wconf 89' lang='lat' dir='ltr'><strong>utpote</strong></span> <span class='ocrx_word' id='word_1_351' title='bbox 955 2521 1042 2592; x_wconf 90' lang='lat' dir='ltr'><strong>ipsius</strong></span> <span class='ocrx_word' id='word_1_352' title='bbox 1056 2521 1169 2577; x_wconf 84' lang='lat' dir='ltr'><strong>bidonis</strong></span> <span class='ocrx_word' id='word_1_353' title='bbox 1195 2521 1333 2576; x_wconf 86' lang='lat' dir='ltr'><strong>insontem</strong></span> <span class='ocrx_word' id='word_1_354' title='bbox 1362 2523 1507 2589; x_wconf 78' lang='lat' dir='ltr'><strong>pumulum</strong></span> <span class='ocrx_word' id='word_1_355' title='bbox 1534 2521 1561 2574; x_wconf 90' lang='lat' dir='ltr'><strong>in</strong></span> <span class='ocrx_word' id='word_1_356' title='bbox 1586 2517 1703 2574; x_wconf 87' lang='lat' dir='ltr'><strong>Scotiam</strong></span> <span class='ocrx_word' id='word_1_357' title='bbox 1719 2516 1763 2571; x_wconf 94' lang='lat' dir='ltr'><strong>di·</strong></span> 
     </span>
     <span class='ocr_line' id='line_1_28' title="bbox 89 2605 1761 2679; baseline -0.002 -17"><span class='ocrx_word' id='word_1_358' title='bbox 89 2607 244 2664; x_wconf 86' lang='lat' dir='ltr'><strong>luturorum</strong></span> <span class='ocrx_word' id='word_1_359' title='bbox 271 2607 391 2673; x_wconf 86' lang='lat' dir='ltr'><strong>nescius,</strong></span> <span class='ocrx_word' id='word_1_360' title='bbox 426 2608 501 2679; x_wconf 89' lang='lat' dir='ltr'><strong>quod</strong></span> <span class='ocrx_word' id='word_1_361' title='bbox 530 2615 596 2663; x_wconf 83' lang='lat' dir='ltr'><strong>tunc</strong></span> <span class='ocrx_word' id='word_1_362' title='bbox 624 2607 679 2663; x_wconf 88' lang='lat' dir='ltr'><strong>sibi</strong></span> <span class='ocrx_word' id='word_1_363' title='bbox 698 2608 843 2664; x_wconf 85' lang='lat' dir='ltr'><strong>videbatur</strong></span> <span class='ocrx_word' id='word_1_364' title='bbox 871 2625 904 2664; x_wconf 82' lang='lat' dir='ltr'><strong>ex</strong></span> <span class='ocrx_word' id='word_1_365' title='bbox 954 2609 1333 2666; x_wconf 82' lang='lat' dir='ltr'><strong>rexitcxsilinirrovocabili.</strong></span> <span class='ocrx_word' id='word_1_366' title='bbox 1357 2609 1452 2663; x_wconf 86' lang='lat' dir='ltr'><strong>Filium</strong></span> <span class='ocrx_word' id='word_1_367' title='bbox 1471 2624 1631 2663; x_wconf 84' lang='lat' dir='ltr'><strong>rarosuum</strong></span> <span class='ocrx_word' id='word_1_368' title='bbox 1654 2605 1761 2661; x_wconf 83' lang='lat' dir='ltr'><strong>Cliilde·</strong></span> 
     </span>
     <span class='ocr_line' id='line_1_29' title="bbox 89 2698 1760 2779; baseline -0.001 -24"><span class='ocrx_word' id='word_1_369' title='bbox 89 2701 223 2772; x_wconf 87' lang='lat' dir='ltr'><strong>temporis</strong></span> <span class='ocrx_word' id='word_1_370' title='bbox 239 2699 434 2756; x_wconf 84' lang='lat' dir='ltr'><strong>convenientia</strong></span> <span class='ocrx_word' id='word_1_371' title='bbox 451 2698 534 2766; x_wconf 76' lang='lat' dir='ltr'><strong>lenit3</strong></span> <span class='ocrx_word' id='word_1_372' title='bbox 552 2707 648 2770; x_wconf 89' lang='lat' dir='ltr'><strong>postea</strong></span> <span class='ocrx_word' id='word_1_373' title='bbox 667 2716 732 2757; x_wconf 87' lang='lat' dir='ltr'><strong>vern</strong></span> <span class='ocrx_word' id='word_1_374' title='bbox 756 2699 842 2756; x_wconf 83' lang='lat' dir='ltr'><strong>fllium</strong></span> <span class='ocrx_word' id='word_1_375' title='bbox 857 2717 904 2774; x_wconf 78' lang='lat' dir='ltr'><strong>ge·</strong></span> <span class='ocrx_word' id='word_1_376' title='bbox 954 2705 1060 2760; x_wconf 83' lang='lat' dir='ltr'><strong>bertum</strong></span> <span class='ocrx_word' id='word_1_377' title='bbox 1070 2705 1272 2760; x_wconf 76' lang='lat' dir='ltr'><strong>austrasiorum</strong></span> <span class='ocrx_word' id='word_1_378' title='bbox 1285 2720 1371 2779; x_wconf 82' lang='lat' dir='ltr'><strong>reguo</strong></span> <span class='ocrx_word' id='word_1_379' title='bbox 1382 2702 1637 2775; x_wconf 77' lang='lat' dir='ltr'><strong>constituitregnm.</strong></span> <span class='ocrx_word' id='word_1_380' title='bbox 1654 2699 1760 2766; x_wconf 88' lang='lat' dir='ltr'><strong>Franci,</strong></span> 
     </span>
     <span class='ocr_line' id='line_1_30' title="bbox 90 2793 1763 2872; baseline -0.001 -23"><span class='ocrx_word' id='word_1_381' title='bbox 90 2795 161 2861; x_wconf 81' lang='lat' dir='ltr'><strong>cruit,</strong></span> <span class='ocrx_word' id='word_1_382' title='bbox 176 2810 257 2866; x_wconf 88' lang='lat' dir='ltr'><strong>quern</strong></span> <span class='ocrx_word' id='word_1_383' title='bbox 275 2794 388 2850; x_wconf 91' lang='lat' dir='ltr'><strong>nomine</strong></span> <span class='ocrx_word' id='word_1_384' title='bbox 403 2794 488 2865; x_wconf 91' lang='lat' dir='ltr'><strong>patris</strong></span> <span class='ocrx_word' id='word_1_385' title='bbox 512 2793 554 2848; x_wconf 84' lang='lat' dir='ltr'><strong>sui</strong></span> <span class='ocrx_word' id='word_1_386' title='bbox 577 2794 761 2866; x_wconf 76' lang='lat' dir='ltr'><strong>Dagnbertum</strong></span> <span class='ocrx_word' id='word_1_387' title='bbox 786 2793 901 2850; x_wconf 85' lang='lat' dir='ltr'><strong>vocavit.</strong></span> <span class='ocrx_word' id='word_1_388' title='bbox 954 2797 1161 2872; x_wconf 66' lang='lat' dir='ltr'><strong>aegreferentes</strong></span> <span class='ocrx_word' id='word_1_389' title='bbox 1176 2797 1319 2869; x_wconf 86' lang='lat' dir='ltr'><strong>perlidimn</strong></span> <span class='ocrx_word' id='word_1_390' title='bbox 1335 2797 1496 2862; x_wconf 89' lang='lat' dir='ltr'><strong>Crimnaldi,</strong></span> <span class='ocrx_word' id='word_1_391' title='bbox 1513 2802 1622 2866; x_wconf 88' lang='lat' dir='ltr'><strong>captum</strong></span> <span class='ocrx_word' id='word_1_392' title='bbox 1638 2809 1700 2848; x_wconf 92' lang='lat' dir='ltr'><strong>cum</strong></span> <span class='ocrx_word' id='word_1_393' title='bbox 1715 2793 1763 2848; x_wconf 90' lang='lat' dir='ltr'><strong>de·</strong></span> 
     </span>
     <span class='ocr_line' id='line_1_31' title="bbox 89 2873 1802 2962; baseline -0.001 -23"><span class='ocrx_word' id='word_1_394' title='bbox 89 2884 120 2939; x_wconf 87' lang='lat' dir='ltr'><strong>Et</strong></span> <span class='ocrx_word' id='word_1_395' title='bbox 135 2883 220 2953; x_wconf 90' lang='lat' dir='ltr'><strong>priori</strong></span> <span class='ocrx_word' id='word_1_396' title='bbox 243 2889 408 2939; x_wconf 88' lang='lat' dir='ltr'><strong>testamento</strong></span> <span class='ocrx_word' id='word_1_397' title='bbox 428 2884 463 2938; x_wconf 92' lang='lat' dir='ltr'><strong>ad</strong></span> <span class='ocrx_word' id='word_1_398' title='bbox 486 2883 592 2939; x_wconf 89' lang='lat' dir='ltr'><strong>irritum</strong></span> <span class='ocrx_word' id='word_1_399' title='bbox 622 2892 720 2951; x_wconf 83' lang='lat' dir='ltr'><strong>tracto,</strong></span> <span class='ocrx_word' id='word_1_400' title='bbox 749 2884 822 2939; x_wconf 86' lang='lat' dir='ltr'><strong>lrunc</strong></span> <span class='ocrx_word' id='word_1_401' title='bbox 851 2873 1056 2945; x_wconf 86' lang='lat' dir='ltr'><strong>nu-Cstinaut</strong></span> <span class='ocrx_word' id='word_1_402' title='bbox 1072 2889 1191 2943; x_wconf 84' lang='lat' dir='ltr'><strong>Parisios</strong></span> <span class='ocrx_word' id='word_1_403' title='bbox 1206 2888 1239 2944; x_wconf 90' lang='lat' dir='ltr'><strong>ad</strong></span> <span class='ocrx_word' id='word_1_404' title='bbox 1254 2888 1390 2957; x_wconf 87' lang='lat' dir='ltr'><strong>judicium</strong></span> <span class='ocrx_word' id='word_1_405' title='bbox 1406 2888 1479 2962; x_wconf 77' lang='lat' dir='ltr'><strong>regis</strong></span> <span class='ocrx_word' id='word_1_406' title='bbox 1494 2884 1692 2956; x_wconf 71' lang='lat' dir='ltr'><strong>Clotlnrei,qui</strong></span> <span class='ocrx_word' id='word_1_407' title='bbox 1712 2883 1763 2940; x_wconf 86' lang='lat' dir='ltr'><strong>luit</strong></span> <span class='ocrx_word' id='word_1_408' title='bbox 1799 2934 1802 2941; x_wconf 80' lang='grc'>,</span> 
     </span>
     <span class='ocr_line' id='line_1_32' title="bbox 89 2974 1762 3054; baseline 0.001 -24"><span class='ocrx_word' id='word_1_409' title='bbox 89 2975 228 3030; x_wconf 91' lang='lat' dir='ltr'><strong>triendum</strong></span> <span class='ocrx_word' id='word_1_410' title='bbox 252 2975 392 3031; x_wconf 90' lang='lat' dir='ltr'><strong>commisit</strong></span> <span class='ocrx_word' id='word_1_411' title='bbox 417 2976 514 3046; x_wconf 85' lang='lat' dir='ltr'><strong>majori</strong></span> <span class='ocrx_word' id='word_1_412' title='bbox 549 2976 648 3031; x_wconf 89' lang='lat' dir='ltr'><strong>domus</strong></span> <span class='ocrx_word' id='word_1_413' title='bbox 672 2974 841 3042; x_wconf 87' lang='lat' dir='ltr'><strong>Grimnaldo‚</strong></span> <span class='ocrx_word' id='word_1_414' title='bbox 871 2985 901 3032; x_wconf 91' lang='lat' dir='ltr'><strong>ut</strong></span> <span class='ocrx_word' id='word_1_415' title='bbox 951 2979 1034 3035; x_wconf 85' lang='lat' dir='ltr'><strong>frater</strong></span> <span class='ocrx_word' id='word_1_416' title='bbox 1054 2980 1197 3054; x_wconf 77' lang='lat' dir='ltr'><strong>Sigiberti.</strong></span> <span class='ocrx_word' id='word_1_417' title='bbox 1219 2980 1304 3045; x_wconf 83' lang='lat' dir='ltr'><strong>Quem</strong></span> <span class='ocrx_word' id='word_1_418' title='bbox 1333 2979 1486 3035; x_wconf 84' lang='lat' dir='ltr'><strong>Clnclnrnus</strong></span> <span class='ocrx_word' id='word_1_419' title='bbox 1509 2978 1678 3033; x_wconf 81' lang='lat' dir='ltr'><strong>uinculatum</strong></span> <span class='ocrx_word' id='word_1_420' title='bbox 1705 2992 1762 3032; x_wconf 89' lang='lat' dir='ltr'><strong>ear·</strong></span> 
     </span>
     <span class='ocr_line' id='line_1_33' title="bbox 86 3065 1761 3140; baseline 0 -18"><span class='ocrx_word' id='word_1_421' title='bbox 86 3068 148 3137; x_wconf 85' lang='lat' dir='ltr'><strong>ejus</strong></span> <span class='ocrx_word' id='word_1_422' title='bbox 165 3069 286 3138; x_wconf 91' lang='lat' dir='ltr'><strong>potentia</strong></span> <span class='ocrx_word' id='word_1_423' title='bbox 314 3075 410 3124; x_wconf 85' lang='lat' dir='ltr'><strong>cnrrtra</strong></span> <span class='ocrx_word' id='word_1_424' title='bbox 432 3082 530 3122; x_wconf 91' lang='lat' dir='ltr'><strong>omnes</strong></span> <span class='ocrx_word' id='word_1_425' title='bbox 549 3074 623 3122; x_wconf 90' lang='lat' dir='ltr'><strong>tutus</strong></span> <span class='ocrx_word' id='word_1_426' title='bbox 646 3066 843 3122; x_wconf 80' lang='lat' dir='ltr'><strong>sublimaretur</strong></span> <span class='ocrx_word' id='word_1_427' title='bbox 873 3065 900 3121; x_wconf 92' lang='lat' dir='ltr'><strong>in</strong></span> <span class='ocrx_word' id='word_1_428' title='bbox 952 3069 1006 3124; x_wconf 86' lang='lat' dir='ltr'><strong>ceri</strong></span> <span class='ocrx_word' id='word_1_429' title='bbox 1021 3069 1197 3140; x_wconf 81' lang='lat' dir='ltr'><strong>mancipavit,</strong></span> <span class='ocrx_word' id='word_1_430' title='bbox 1217 3079 1245 3123; x_wconf 90' lang='lat' dir='ltr'><strong>ct</strong></span> <span class='ocrx_word' id='word_1_431' title='bbox 1259 3068 1418 3135; x_wconf 86' lang='lat' dir='ltr'><strong>crudeliter,</strong></span> <span class='ocrx_word' id='word_1_432' title='bbox 1434 3069 1578 3140; x_wconf 73' lang='lat' dir='ltr'><strong>uldiguus</strong></span> <span class='ocrx_word' id='word_1_433' title='bbox 1589 3075 1657 3131; x_wconf 88' lang='lat' dir='ltr'><strong>erat,</strong></span> <span class='ocrx_word' id='word_1_434' title='bbox 1674 3081 1761 3138; x_wconf 90' lang='lat' dir='ltr'><strong>usque</strong></span> 
     </span>
     <span class='ocr_line' id='line_1_34' title="bbox 86 3154 1760 3229; baseline -0.001 -14"><span class='ocrx_word' id='word_1_435' title='bbox 86 3157 290 3213; x_wconf 72' lang='lat' dir='ltr'><strong>abstrusiorum</strong></span> <span class='ocrx_word' id='word_1_436' title='bbox 314 3171 410 3229; x_wconf 79' lang='lat' dir='ltr'><strong>regno·</strong></span> <span class='ocrx_word' id='word_1_437' title='bbox 432 3155 601 3226; x_wconf 74' lang='lat' dir='ltr'><strong>lpseaulem</strong></span> <span class='ocrx_word' id='word_1_438' title='bbox 627 3154 782 3226; x_wconf 66' lang='lat' dir='ltr'><strong>sigibertus</strong></span> <span class='ocrx_word' id='word_1_439' title='bbox 795 3154 902 3209; x_wconf 73' lang='lat' dir='ltr'><strong>d¹¹0de·</strong></span> <span class='ocrx_word' id='word_1_440' title='bbox 952 3162 986 3217; x_wconf 90' lang='lat' dir='ltr'><strong>ad</strong></span> <span class='ocrx_word' id='word_1_441' title='bbox 1004 3169 1119 3216; x_wconf 85' lang='lat' dir='ltr'><strong>mortem</strong></span> <span class='ocrx_word' id='word_1_442' title='bbox 1135 3161 1322 3216; x_wconf 87' lang='lat' dir='ltr'><strong>tormentavit.</strong></span> <span class='ocrx_word' id='word_1_443' title='bbox 1351 3161 1480 3216; x_wconf 76' lang='lat' dir='ltr'><strong>austrasii</strong></span> <span class='ocrx_word' id='word_1_444' title='bbox 1509 3160 1656 3214; x_wconf 90' lang='lat' dir='ltr'><strong>llildricum</strong></span> <span class='ocrx_word' id='word_1_445' title='bbox 1675 3158 1760 3213; x_wconf 87' lang='lat' dir='ltr'><strong>lilium</strong></span> 
     </span>
     <span class='ocr_line' id='line_1_35' title="bbox 86 3245 1761 3323; baseline 0 -23"><span class='ocrx_word' id='word_1_446' title='bbox 86 3249 140 3303; x_wconf 86' lang='lat' dir='ltr'><strong>eirn</strong></span> <span class='ocrx_word' id='word_1_447' title='bbox 155 3248 324 3304; x_wconf 83' lang='lat' dir='ltr'><strong>monasteria</strong></span> <span class='ocrx_word' id='word_1_448' title='bbox 337 3247 365 3301; x_wconf 93' lang='lat' dir='ltr'><strong>in</strong></span> <span class='ocrx_word' id='word_1_449' title='bbox 390 3246 509 3301; x_wconf 87' lang='lat' dir='ltr'><strong>diversis</strong></span> <span class='ocrx_word' id='word_1_450' title='bbox 528 3245 606 3319; x_wconf 84' lang='lat' dir='ltr'><strong>regni</strong></span> <span class='ocrx_word' id='word_1_451' title='bbox 631 3246 673 3300; x_wconf 91' lang='lat' dir='ltr'><strong>sui</strong></span> <span class='ocrx_word' id='word_1_452' title='bbox 696 3245 819 3316; x_wconf 89' lang='lat' dir='ltr'><strong>partibus</strong></span> <span class='ocrx_word' id='word_1_453' title='bbox 833 3245 901 3300; x_wconf 82' lang='lat' dir='ltr'><strong>aedi·</strong></span> <span class='ocrx_word' id='word_1_454' title='bbox 954 3250 1082 3305; x_wconf 74' lang='lat' dir='ltr'><strong>clodovei</strong></span> <span class='ocrx_word' id='word_1_455' title='bbox 1097 3257 1250 3314; x_wconf 83' lang='lat' dir='ltr'><strong>assumunt,</strong></span> <span class='ocrx_word' id='word_1_456' title='bbox 1265 3257 1293 3304; x_wconf 89' lang='lat' dir='ltr'><strong>nt</strong></span> <span class='ocrx_word' id='word_1_457' title='bbox 1309 3249 1336 3302; x_wconf 90' lang='lat' dir='ltr'><strong>in</strong></span> <span class='ocrx_word' id='word_1_458' title='bbox 1360 3265 1446 3323; x_wconf 76' lang='lat' dir='ltr'><strong>regan</strong></span> <span class='ocrx_word' id='word_1_459' title='bbox 1460 3248 1672 3311; x_wconf 76' lang='lat' dir='ltr'><strong>austrasiorum,</strong></span> <span class='ocrx_word' id='word_1_460' title='bbox 1686 3247 1761 3317; x_wconf 89' lang='lat' dir='ltr'><strong>quod</strong></span> 
     </span>
     <span class='ocr_line' id='line_1_36' title="bbox 86 3336 1760 3414; baseline -0.001 -18"><span class='ocrx_word' id='word_1_461' title='bbox 86 3340 187 3407; x_wconf 72' lang='lat' dir='ltr'><strong>fimavit,</strong></span> <span class='ocrx_word' id='word_1_462' title='bbox 199 3342 294 3411; x_wconf 86' lang='lat' dir='ltr'><strong>nisque</strong></span> <span class='ocrx_word' id='word_1_463' title='bbox 311 3354 343 3394; x_wconf 84' lang='lat' dir='ltr'><strong>ex</strong></span> <span class='ocrx_word' id='word_1_464' title='bbox 359 3339 416 3393; x_wconf 89' lang='lat' dir='ltr'><strong>suis</strong></span> <span class='ocrx_word' id='word_1_465' title='bbox 430 3336 566 3392; x_wconf 90' lang='lat' dir='ltr'><strong>reditibus</strong></span> <span class='ocrx_word' id='word_1_466' title='bbox 581 3337 656 3410; x_wconf 81' lang='lat' dir='ltr'><strong>regia</strong></span> <span class='ocrx_word' id='word_1_467' title='bbox 668 3336 833 3391; x_wconf 89' lang='lat' dir='ltr'><strong>liberalitato</strong></span> <span class='ocrx_word' id='word_1_468' title='bbox 850 3353 902 3391; x_wconf 86' lang='lat' dir='ltr'><strong>ne·</strong></span> <span class='ocrx_word' id='word_1_469' title='bbox 952 3340 1108 3414; x_wconf 70' lang='lat' dir='ltr'><strong>Sigibortus</strong></span> <span class='ocrx_word' id='word_1_470' title='bbox 1120 3348 1234 3412; x_wconf 91' lang='lat' dir='ltr'><strong>patruus</strong></span> <span class='ocrx_word' id='word_1_471' title='bbox 1249 3341 1308 3409; x_wconf 85' lang='lat' dir='ltr'><strong>ejus</strong></span> <span class='ocrx_word' id='word_1_472' title='bbox 1320 3348 1456 3405; x_wconf 90' lang='lat' dir='ltr'><strong>tenuerat,</strong></span> <span class='ocrx_word' id='word_1_473' title='bbox 1468 3356 1560 3414; x_wconf 78' lang='lat' dir='ltr'><strong>regem</strong></span> <span class='ocrx_word' id='word_1_474' title='bbox 1578 3337 1760 3394; x_wconf 87' lang='lat' dir='ltr'><strong>constituunt.</strong></span> 
     </span>
     <span class='ocr_line' id='line_1_37' title="bbox 86 3427 1762 3503; baseline -0.002 -14"><span class='ocrx_word' id='word_1_475' title='bbox 86 3433 208 3489; x_wconf 90' lang='lat' dir='ltr'><strong>cessaria</strong></span> <span class='ocrx_word' id='word_1_476' title='bbox 233 3429 436 3503; x_wconf 78' lang='lat' dir='ltr'><strong>suppeditavit:</strong></span> <span class='ocrx_word' id='word_1_477' title='bbox 458 3438 488 3486; x_wconf 91' lang='lat' dir='ltr'><strong>ut</strong></span> <span class='ocrx_word' id='word_1_478' title='bbox 502 3429 560 3485; x_wconf 90' lang='lat' dir='ltr'><strong>illio</strong></span> <span class='ocrx_word' id='word_1_479' title='bbox 588 3428 641 3483; x_wconf 83' lang='lat' dir='ltr'><strong>sub</strong></span> <span class='ocrx_word' id='word_1_480' title='bbox 659 3428 817 3499; x_wconf 83' lang='lat' dir='ltr'><strong>apostolieae</strong></span> <span class='ocrx_word' id='word_1_481' title='bbox 837 3427 900 3484; x_wconf 86' lang='lat' dir='ltr'><strong>vitae</strong></span> <span class='ocrx_word' id='word_1_482' title='bbox 952 3432 1052 3489; x_wconf 90' lang='lat' dir='ltr'><strong>llicest</strong></span> <span class='ocrx_word' id='word_1_483' title='bbox 1070 3432 1273 3496; x_wconf 89' lang='lat' dir='ltr'><strong>llildricusrex‚</strong></span> <span class='ocrx_word' id='word_1_484' title='bbox 1298 3431 1331 3485; x_wconf 90' lang='lat' dir='ltr'><strong>ad</strong></span> <span class='ocrx_word' id='word_1_485' title='bbox 1356 3431 1436 3500; x_wconf 86' lang='lat' dir='ltr'><strong>cujus</strong></span> <span class='ocrx_word' id='word_1_486' title='bbox 1456 3439 1564 3502; x_wconf 81' lang='lat' dir='ltr'><strong>tempus</strong></span> <span class='ocrx_word' id='word_1_487' title='bbox 1584 3428 1635 3485; x_wconf 86' lang='lat' dir='ltr'><strong>luit</strong></span> <span class='ocrx_word' id='word_1_488' title='bbox 1649 3439 1762 3486; x_wconf 88' lang='lat' dir='ltr'><strong>sanetus</strong></span> 
     </span>
     <span class='ocr_line' id='line_1_38' title="bbox 87 3519 1495 3598; baseline -0.006 -17"><span class='ocrx_word' id='word_1_489' title='bbox 87 3525 183 3598; x_wconf 74' lang='lat' dir='ltr'><strong>regula</strong></span> <span class='ocrx_word' id='word_1_490' title='bbox 211 3523 346 3589; x_wconf 84' lang='lat' dir='ltr'><strong>viventes,</strong></span> <span class='ocrx_word' id='word_1_491' title='bbox 374 3523 439 3578; x_wconf 92' lang='lat' dir='ltr'><strong>dum</strong></span> <span class='ocrx_word' id='word_1_492' title='bbox 456 3538 511 3578; x_wconf 86' lang='lat' dir='ltr'><strong>sua</strong></span> <span class='ocrx_word' id='word_1_493' title='bbox 540 3528 675 3577; x_wconf 88' lang='lat' dir='ltr'><strong>meterent</strong></span> <span class='ocrx_word' id='word_1_494' title='bbox 697 3520 828 3587; x_wconf 89' lang='lat' dir='ltr'><strong>earnalia,</strong></span> <span class='ocrx_word' id='word_1_495' title='bbox 845 3519 899 3576; x_wconf 89' lang='lat' dir='ltr'><strong>sibi</strong></span> <span class='ocrx_word' id='word_1_496' title='bbox 951 3521 1112 3577; x_wconf 76' lang='lat' dir='ltr'><strong>dambertus</strong></span> <span class='ocrx_word' id='word_1_497' title='bbox 1123 3528 1224 3592; x_wconf 88' lang='lat' dir='ltr'><strong>martyr</strong></span> <span class='ocrx_word' id='word_1_498' title='bbox 1239 3528 1266 3576; x_wconf 89' lang='lat' dir='ltr'><strong>et</strong></span> <span class='ocrx_word' id='word_1_499' title='bbox 1278 3522 1435 3592; x_wconf 90' lang='lat' dir='ltr'><strong>episeopus.</strong></span> <span class='ocrx_word' id='word_1_500' title='bbox 1459 3561 1465 3574; x_wconf 92' lang='lat'><em>.</em></span> <span class='ocrx_word' id='word_1_501' title='bbox 1489 3561 1495 3574; x_wconf 94' lang='lat'>.</span> 
     </span>
    </p>
   </div>
   <div class='ocr_carea' id='block_1_3' title="bbox 166 3855 1678 3987">
    <p class='ocr_par' dir='ltr' id='par_1_4' title="bbox 166 3855 1678 3987">
     <span class='ocr_line' id='line_1_39' title="bbox 166 3855 1678 3987; baseline -0.002 -2"><span class='ocrx_word' id='word_1_502' title='bbox 166 3858 368 3985; x_wconf 78' lang='lat' dir='ltr'>VITA</span> <span class='ocrx_word' id='word_1_503' title='bbox 409 3857 482 3983; x_wconf 84' lang='lat' dir='ltr'><strong>S.</strong></span> <span class='ocrx_word' id='word_1_504' title='bbox 529 3855 958 3986; x_wconf 82' lang='lat' dir='ltr'><strong>MACLOVII</strong></span> <span class='ocrx_word' id='word_1_505' title='bbox 1001 3856 1197 3985; x_wconf 88' lang='lat' dir='ltr'>SIVE</span> <span class='ocrx_word' id='word_1_506' title='bbox 1239 3857 1678 3987; x_wconf 78' lang='lat' dir='ltr'><strong>MACHUTII</strong></span> 
     </span>
    </p>
   </div>
   <div class='ocr_carea' id='block_1_4' title="bbox 387 4060 1467 4301">
    <p class='ocr_par' dir='ltr' id='par_1_5' title="bbox 387 4060 1467 4301">
     <span class='ocr_line' id='line_1_40' title="bbox 660 4060 1183 4127; baseline 0.008 -4"><span class='ocrx_word' id='word_1_507' title='bbox 660 4060 831 4125; x_wconf 81' lang='lat' dir='ltr'><strong>uctscort</strong></span> <span class='ocrx_word' id='word_1_508' title='bbox 856 4061 905 4124; x_wconf 85' lang='lat' dir='ltr'><strong>ur</strong></span> <span class='ocrx_word' id='word_1_509' title='bbox 928 4061 1183 4127; x_wconf 85' lang='lat' dir='ltr'><strong>courussoars</strong></span> 
     </span>
     <span class='ocr_line' id='line_1_41' title="bbox 387 4203 1467 4301; baseline 0.004 -8"><span class='ocrx_word' id='word_1_510' title='bbox 387 4204 666 4295; x_wconf 84' lang='lat' dir='ltr'><strong>AUCTORE</strong></span> <span class='ocrx_word' id='word_1_511' title='bbox 698 4203 1024 4296; x_wconf 87' lang='lat' dir='ltr'><strong>SlGEBERTO</strong></span> <span class='ocrx_word' id='word_1_512' title='bbox 1058 4207 1467 4301; x_wconf 79' lang='lat' dir='ltr'><strong>GEMBCACENSI</strong></span> 
     </span>
    </p>
   </div>
   <div class='ocr_carea' id='block_1_5' title="bbox 554 4377 1303 4452">
    <p class='ocr_par' dir='ltr' id='par_1_6' title="bbox 554 4377 1303 4452">
     <span class='ocr_line' id='line_1_42' title="bbox 554 4377 1303 4452; baseline 0.008 -20"><span class='ocrx_word' id='word_1_513' title='bbox 554 4377 643 4448; x_wconf 72' lang='lat' dir='ltr'><strong>(apud</strong></span> <span class='ocrx_word' id='word_1_514' title='bbox 663 4377 784 4447; x_wconf 88' lang='lat' dir='ltr'><strong>Surium,</strong></span> <span class='ocrx_word' id='word_1_515' title='bbox 804 4382 881 4448; x_wconf 82' lang='lat' dir='ltr'><strong>Ante,</strong></span> <span class='ocrx_word' id='word_1_516' title='bbox 901 4383 1072 4450; x_wconf 85' lang='lat' dir='ltr'><strong>sanctorum,</strong></span> <span class='ocrx_word' id='word_1_517' title='bbox 1094 4383 1160 4439; x_wconf 77' lang='lat' dir='ltr'><strong>llos.</strong></span> <span class='ocrx_word' id='word_1_518' title='bbox 1182 4384 1227 4439; x_wconf 88' lang='lat' dir='ltr'><strong>din</strong></span> <span class='ocrx_word' id='word_1_519' title='bbox 1247 4386 1303 4452; x_wconf 76' lang='lat' dir='ltr'><strong>xv.)</strong></span> 
     </span>
    </p>
   </div>
   <div class='ocr_carea' id='block_1_6' title="bbox 81 4678 1761 5577">
    <p class='ocr_par' dir='ltr' id='par_1_7' title="bbox 317 4678 1760 4759">
     <span class='ocr_line' id='line_1_43' title="bbox 317 4678 1760 4759; baseline 0.006 -27"><span class='ocrx_word' id='word_1_520' title='bbox 317 4678 475 4735; x_wconf 81' lang='lat' dir='ltr'><strong>EPlSTOLA</strong></span> <span class='ocrx_word' id='word_1_521' title='bbox 498 4679 671 4736; x_wconf 74' lang='lat' dir='ltr'><strong>aucturus.</strong></span> <span class='ocrx_word' id='word_1_522' title='bbox 912 4686 1010 4756; x_wconf 86' lang='lat' dir='ltr'><strong>Dratn</strong></span> <span class='ocrx_word' id='word_1_523' title='bbox 1025 4687 1090 4758; x_wconf 87' lang='lat' dir='ltr'><strong>quia</strong></span> <span class='ocrx_word' id='word_1_524' title='bbox 1117 4702 1172 4743; x_wconf 93' lang='lat' dir='ltr'><strong>nou</strong></span> <span class='ocrx_word' id='word_1_525' title='bbox 1187 4687 1304 4744; x_wconf 90' lang='lat' dir='ltr'><strong>omuino</strong></span> <span class='ocrx_word' id='word_1_526' title='bbox 1330 4686 1420 4759; x_wconf 89' lang='lat' dir='ltr'><strong>perdit</strong></span> <span class='ocrx_word' id='word_1_527' title='bbox 1440 4686 1650 4743; x_wconf 84' lang='lat' dir='ltr'><strong>aestimationem</strong></span> <span class='ocrx_word' id='word_1_528' title='bbox 1678 4685 1760 4755; x_wconf 90' lang='lat' dir='ltr'><strong>pretii</strong></span> 
     </span>
    </p>

    <p class='ocr_par' dir='ltr' id='par_1_8' title="bbox 188 4774 1761 4848">
     <span class='ocr_line' id='line_1_44' title="bbox 188 4774 1761 4848; baseline 0.003 -22"><span class='ocrx_word' id='word_1_529' title='bbox 188 4788 223 4826; x_wconf 85' lang='lat' dir='ltr'><strong>au</strong></span> <span class='ocrx_word' id='word_1_530' title='bbox 238 4789 419 4828; x_wconf 69' lang='lat' dir='ltr'><strong>auterannus</strong></span> <span class='ocrx_word' id='word_1_531' title='bbox 438 4791 558 4829; x_wconf 81' lang='lat' dir='ltr'><strong>annarau</strong></span> <span class='ocrx_word' id='word_1_532' title='bbox 580 4790 798 4831; x_wconf 76' lang='lat' dir='ltr'><strong>osunaaaausstt.</strong></span> <span class='ocrx_word' id='word_1_533' title='bbox 953 4777 1102 4847; x_wconf 88' lang='lat' dir='ltr'><strong>pretiosum</strong></span> <span class='ocrx_word' id='word_1_534' title='bbox 1122 4776 1275 4841; x_wconf 88' lang='lat' dir='ltr'><strong>metallum,</strong></span> <span class='ocrx_word' id='word_1_535' title='bbox 1295 4775 1421 4848; x_wconf 90' lang='lat' dir='ltr'><strong>quamvis</strong></span> <span class='ocrx_word' id='word_1_536' title='bbox 1445 4776 1536 4844; x_wconf 84' lang='lat' dir='ltr'><strong>jaceat</strong></span> <span class='ocrx_word' id='word_1_537' title='bbox 1560 4774 1661 4831; x_wconf 86' lang='lat' dir='ltr'><strong>rudere</strong></span> <span class='ocrx_word' id='word_1_538' title='bbox 1680 4781 1761 4830; x_wconf 81' lang='lat' dir='ltr'><strong>terrae</strong></span> 
     </span>
    </p>

    <p class='ocr_par' dir='ltr' id='par_1_9' title="bbox 81 4860 1760 5577">
     <span class='ocr_line' id='line_1_45' title="bbox 125 4860 1759 4937; baseline 0.001 -22"><span class='ocrx_word' id='word_1_539' title='bbox 125 4860 184 4916; x_wconf 89' lang='lat' dir='ltr'><strong>l&#39;ita</strong></span> <span class='ocrx_word' id='word_1_540' title='bbox 215 4862 332 4933; x_wconf 91' lang='lat' dir='ltr'><strong>piissimi</strong></span> <span class='ocrx_word' id='word_1_541' title='bbox 360 4863 529 4920; x_wconf 73' lang='lat' dir='ltr'><strong>confessoris</strong></span> <span class='ocrx_word' id='word_1_542' title='bbox 567 4863 665 4920; x_wconf 81' lang='lat' dir='ltr'><strong>Christi</strong></span> <span class='ocrx_word' id='word_1_543' title='bbox 692 4864 827 4932; x_wconf 87' lang='lat' dir='ltr'><strong>llaclnvii,</strong></span> <span class='ocrx_word' id='word_1_544' title='bbox 853 4863 901 4937; x_wconf 90' lang='lat' dir='ltr'><strong>qui</strong></span> <span class='ocrx_word' id='word_1_545' title='bbox 952 4862 1097 4931; x_wconf 85' lang='lat' dir='ltr'><strong>iniussum,</strong></span> <span class='ocrx_word' id='word_1_546' title='bbox 1129 4863 1171 4920; x_wconf 81' lang='lat' dir='ltr'><strong>rol</strong></span> <span class='ocrx_word' id='word_1_547' title='bbox 1196 4863 1361 4919; x_wconf 84' lang='lat' dir='ltr'><strong>scabredine</strong></span> <span class='ocrx_word' id='word_1_548' title='bbox 1385 4862 1528 4936; x_wconf 77' lang='lat' dir='ltr'><strong>rubigenis</strong></span> <span class='ocrx_word' id='word_1_549' title='bbox 1547 4861 1759 4918; x_wconf 83' lang='lat' dir='ltr'><strong>decoloratum:</strong></span> 
     </span>
     <span class='ocr_line' id='line_1_46' title="bbox 87 4952 1760 5028; baseline -0.001 -20"><span class='ocrx_word' id='word_1_550' title='bbox 87 4953 171 5008; x_wconf 89' lang='lat' dir='ltr'><strong>etiam</strong></span> <span class='ocrx_word' id='word_1_551' title='bbox 189 4952 328 5009; x_wconf 85' lang='lat' dir='ltr'><strong>llaelrutes</strong></span> <span class='ocrx_word' id='word_1_552' title='bbox 340 4954 430 5009; x_wconf 87' lang='lat' dir='ltr'><strong>dictus</strong></span> <span class='ocrx_word' id='word_1_553' title='bbox 457 4959 510 5022; x_wconf 89' lang='lat' dir='ltr'><strong>est,</strong></span> <span class='ocrx_word' id='word_1_554' title='bbox 528 4954 686 5028; x_wconf 78' lang='lat' dir='ltr'><strong>diligenter,</strong></span> <span class='ocrx_word' id='word_1_555' title='bbox 711 4964 845 5028; x_wconf 89' lang='lat' dir='ltr'><strong>quantum</strong></span> <span class='ocrx_word' id='word_1_556' title='bbox 863 4954 898 5009; x_wconf 90' lang='lat' dir='ltr'><strong>ad</strong></span> <span class='ocrx_word' id='word_1_557' title='bbox 952 4955 1065 5026; x_wconf 90' lang='lat' dir='ltr'><strong>placuit,</strong></span> <span class='ocrx_word' id='word_1_558' title='bbox 1083 4955 1251 5011; x_wconf 79' lang='lat' dir='ltr'><strong>venerabilis</strong></span> <span class='ocrx_word' id='word_1_559' title='bbox 1264 4955 1343 5012; x_wconf 87' lang='lat' dir='ltr'><strong>Pater</strong></span> <span class='ocrx_word' id='word_1_560' title='bbox 1356 4954 1502 5023; x_wconf 79' lang='lat' dir='ltr'><strong>Tintinare,</strong></span> <span class='ocrx_word' id='word_1_561' title='bbox 1520 4963 1573 5011; x_wconf 88' lang='lat' dir='ltr'><strong>tuae</strong></span> <span class='ocrx_word' id='word_1_562' title='bbox 1589 4952 1760 5026; x_wconf 86' lang='lat' dir='ltr'><strong>paternitati,</strong></span> 
     </span>
     <span class='ocr_line' id='line_1_47' title="bbox 87 5044 1760 5119; baseline 0.001 -20"><span class='ocrx_word' id='word_1_563' title='bbox 87 5044 231 5100; x_wconf 88' lang='lat' dir='ltr'><strong>veritatem</strong></span> <span class='ocrx_word' id='word_1_564' title='bbox 248 5044 381 5112; x_wconf 65' lang='lat' dir='ltr'><strong>historia»,</strong></span> <span class='ocrx_word' id='word_1_565' title='bbox 397 5045 572 5118; x_wconf 89' lang='lat' dir='ltr'><strong>antiquorum</strong></span> <span class='ocrx_word' id='word_1_566' title='bbox 592 5047 662 5118; x_wconf 83' lang='lat' dir='ltr'><strong>stylo</strong></span> <span class='ocrx_word' id='word_1_567' title='bbox 689 5053 749 5102; x_wconf 88' lang='lat' dir='ltr'><strong>erat</strong></span> <span class='ocrx_word' id='word_1_568' title='bbox 767 5054 898 5103; x_wconf 86' lang='lat' dir='ltr'><strong>exarata:</strong></span> <span class='ocrx_word' id='word_1_569' title='bbox 950 5056 980 5104; x_wconf 92' lang='lat' dir='ltr'><strong>ut</strong></span> <span class='ocrx_word' id='word_1_570' title='bbox 1005 5049 1118 5117; x_wconf 88' lang='lat' dir='ltr'><strong>juberes</strong></span> <span class='ocrx_word' id='word_1_571' title='bbox 1138 5064 1206 5104; x_wconf 82' lang='lat' dir='ltr'><strong>ntem</strong></span> <span class='ocrx_word' id='word_1_572' title='bbox 1231 5049 1385 5119; x_wconf 87' lang='lat' dir='ltr'><strong>pusillitati,</strong></span> <span class='ocrx_word' id='word_1_573' title='bbox 1413 5056 1452 5115; x_wconf 88' lang='lat' dir='ltr'><strong>ut,</strong></span> <span class='ocrx_word' id='word_1_574' title='bbox 1485 5048 1610 5118; x_wconf 84' lang='lat' dir='ltr'><strong>inspecto</strong></span> <span class='ocrx_word' id='word_1_575' title='bbox 1635 5044 1760 5101; x_wconf 77' lang='lat' dir='ltr'><strong>historias</strong></span> 
     </span>
     <span class='ocr_line' id='line_1_48' title="bbox 85 5133 1758 5212; baseline 0.002 -24"><span class='ocrx_word' id='word_1_576' title='bbox 85 5133 135 5188; x_wconf 86' lang='lat' dir='ltr'><strong>sed</strong></span> <span class='ocrx_word' id='word_1_577' title='bbox 151 5133 216 5205; x_wconf 87' lang='lat' dir='ltr'><strong>quia</strong></span> <span class='ocrx_word' id='word_1_578' title='bbox 237 5134 328 5189; x_wconf 89' lang='lat' dir='ltr'><strong>minus</strong></span> <span class='ocrx_word' id='word_1_579' title='bbox 347 5135 474 5190; x_wconf 89' lang='lat' dir='ltr'><strong>ordinate</strong></span> <span class='ocrx_word' id='word_1_580' title='bbox 498 5135 615 5210; x_wconf 83' lang='lat' dir='ltr'><strong>digesta,</strong></span> <span class='ocrx_word' id='word_1_581' title='bbox 640 5136 732 5192; x_wconf 91' lang='lat' dir='ltr'><strong>minus</strong></span> <span class='ocrx_word' id='word_1_582' title='bbox 745 5134 900 5206; x_wconf 86' lang='lat' dir='ltr'><strong>composito</strong></span> <span class='ocrx_word' id='word_1_583' title='bbox 949 5147 1035 5207; x_wconf 84' lang='lat' dir='ltr'><strong>textu,</strong></span> <span class='ocrx_word' id='word_1_584' title='bbox 1050 5149 1078 5196; x_wconf 88' lang='lat' dir='ltr'><strong>et</strong></span> <span class='ocrx_word' id='word_1_585' title='bbox 1091 5155 1140 5211; x_wconf 91' lang='lat' dir='ltr'><strong>pro</strong></span> <span class='ocrx_word' id='word_1_586' title='bbox 1155 5154 1239 5212; x_wconf 87' lang='lat' dir='ltr'><strong>posse</strong></span> <span class='ocrx_word' id='word_1_587' title='bbox 1253 5155 1332 5197; x_wconf 89' lang='lat' dir='ltr'><strong>eraso</strong></span> <span class='ocrx_word' id='word_1_588' title='bbox 1342 5140 1474 5198; x_wconf 76' lang='lat' dir='ltr'><strong>viciorum</strong></span> <span class='ocrx_word' id='word_1_589' title='bbox 1492 5143 1645 5204; x_wconf 86' lang='lat' dir='ltr'><strong>contractu,</strong></span> <span class='ocrx_word' id='word_1_590' title='bbox 1661 5134 1758 5192; x_wconf 90' lang='lat' dir='ltr'><strong>melio·</strong></span> 
     </span>
     <span class='ocr_line' id='line_1_49' title="bbox 86 5223 1760 5302; baseline 0 -23"><span class='ocrx_word' id='word_1_591' title='bbox 86 5225 237 5296; x_wconf 84' lang='lat' dir='ltr'><strong>descripta,</strong></span> <span class='ocrx_word' id='word_1_592' title='bbox 253 5225 288 5280; x_wconf 92' lang='lat' dir='ltr'><strong>ad</strong></span> <span class='ocrx_word' id='word_1_593' title='bbox 313 5225 371 5282; x_wconf 79' lang='lat' dir='ltr'><strong>haec</strong></span> <span class='ocrx_word' id='word_1_594' title='bbox 385 5225 564 5282; x_wconf 88' lang='lat' dir='ltr'><strong>barbarismis</strong></span> <span class='ocrx_word' id='word_1_595' title='bbox 585 5235 614 5282; x_wconf 87' lang='lat' dir='ltr'><strong>et</strong></span> <span class='ocrx_word' id='word_1_596' title='bbox 635 5227 801 5284; x_wconf 76' lang='lat' dir='ltr'><strong>soloecismis</strong></span> <span class='ocrx_word' id='word_1_597' title='bbox 816 5228 900 5285; x_wconf 88' lang='lat' dir='ltr'><strong>nimis</strong></span> <span class='ocrx_word' id='word_1_598' title='bbox 950 5245 1038 5285; x_wconf 87' lang='lat' dir='ltr'><strong>racem</strong></span> <span class='ocrx_word' id='word_1_599' title='bbox 1065 5228 1141 5284; x_wconf 78' lang='lat' dir='ltr'><strong>illam</strong></span> <span class='ocrx_word' id='word_1_600' title='bbox 1165 5229 1411 5302; x_wconf 82' lang='lat' dir='ltr'><strong>quantulocunque</strong></span> <span class='ocrx_word' id='word_1_601' title='bbox 1436 5225 1574 5285; x_wconf 77' lang='lat' dir='ltr'><strong>semeonis</strong></span> <span class='ocrx_word' id='word_1_602' title='bbox 1589 5225 1673 5280; x_wconf 88' lang='lat' dir='ltr'><strong>cultu.</strong></span> <span class='ocrx_word' id='word_1_603' title='bbox 1703 5223 1760 5300; x_wconf 75' lang='lat' dir='ltr'><strong>Ego</strong></span> 
     </span>
     <span class='ocr_line' id='line_1_50' title="bbox 84 5314 1759 5396; baseline 0.002 -27"><span class='ocrx_word' id='word_1_604' title='bbox 84 5321 143 5370; x_wconf 90' lang='lat' dir='ltr'><strong>erat</strong></span> <span class='ocrx_word' id='word_1_605' title='bbox 167 5314 296 5382; x_wconf 88' lang='lat' dir='ltr'><strong>contusa,</strong></span> <span class='ocrx_word' id='word_1_606' title='bbox 311 5314 395 5389; x_wconf 75' lang='lat' dir='ltr'><strong>longo</strong></span> <span class='ocrx_word' id='word_1_607' title='bbox 420 5314 571 5372; x_wconf 80' lang='lat' dir='ltr'><strong>oblivionis</strong></span> <span class='ocrx_word' id='word_1_608' title='bbox 597 5322 625 5372; x_wconf 89' lang='lat' dir='ltr'><strong>et</strong></span> <span class='ocrx_word' id='word_1_609' title='bbox 644 5315 820 5391; x_wconf 77' lang='lat' dir='ltr'><strong>negligentiae</strong></span> <span class='ocrx_word' id='word_1_610' title='bbox 842 5317 899 5374; x_wconf 90' lang='lat' dir='ltr'><strong>situ</strong></span> <span class='ocrx_word' id='word_1_611' title='bbox 949 5321 1127 5396; x_wconf 88' lang='lat' dir='ltr'><strong>quijuasioni</strong></span> <span class='ocrx_word' id='word_1_612' title='bbox 1140 5323 1332 5378; x_wconf 86' lang='lat' dir='ltr'><strong>contravenire</strong></span> <span class='ocrx_word' id='word_1_613' title='bbox 1347 5320 1589 5390; x_wconf 85' lang='lat' dir='ltr'><strong>unndnbui,npus</strong></span> <span class='ocrx_word' id='word_1_614' title='bbox 1604 5316 1759 5388; x_wconf 87' lang='lat' dir='ltr'><strong>injunctum</strong></span> 
     </span>
     <span class='ocr_line' id='line_1_51' title="bbox 85 5404 1760 5488; baseline 0.002 -28"><span class='ocrx_word' id='word_1_615' title='bbox 85 5404 158 5462; x_wconf 88' lang='lat' dir='ltr'><strong>adeo</strong></span> <span class='ocrx_word' id='word_1_616' title='bbox 173 5405 276 5461; x_wconf 90' lang='lat' dir='ltr'><strong>latebat</strong></span> <span class='ocrx_word' id='word_1_617' title='bbox 288 5404 418 5474; x_wconf 87' lang='lat' dir='ltr'><strong>obducta,</strong></span> <span class='ocrx_word' id='word_1_618' title='bbox 430 5413 459 5461; x_wconf 89' lang='lat' dir='ltr'><strong>ut</strong></span> <span class='ocrx_word' id='word_1_619' title='bbox 468 5407 546 5477; x_wconf 83' lang='lat' dir='ltr'><strong>quasi</strong></span> <span class='ocrx_word' id='word_1_620' title='bbox 559 5405 663 5462; x_wconf 89' lang='lat' dir='ltr'><strong>nullius</strong></span> <span class='ocrx_word' id='word_1_621' title='bbox 674 5406 789 5463; x_wconf 87' lang='lat' dir='ltr'><strong>auribus</strong></span> <span class='ocrx_word' id='word_1_622' title='bbox 801 5406 896 5483; x_wconf 80' lang='lat' dir='ltr'><strong>digna,</strong></span> <span class='ocrx_word' id='word_1_623' title='bbox 948 5421 1095 5471; x_wconf 80' lang='lat' dir='ltr'><strong>exsecutus</strong></span> <span class='ocrx_word' id='word_1_624' title='bbox 1109 5429 1181 5480; x_wconf 88' lang='lat' dir='ltr'><strong>aum,</strong></span> <span class='ocrx_word' id='word_1_625' title='bbox 1203 5427 1259 5469; x_wconf 92' lang='lat' dir='ltr'><strong>non</strong></span> <span class='ocrx_word' id='word_1_626' title='bbox 1276 5413 1389 5488; x_wconf 87' lang='lat' dir='ltr'><strong>quidem</strong></span> <span class='ocrx_word' id='word_1_627' title='bbox 1403 5422 1433 5469; x_wconf 88' lang='lat' dir='ltr'><strong>ut</strong></span> <span class='ocrx_word' id='word_1_628' title='bbox 1447 5412 1533 5477; x_wconf 86' lang='lat' dir='ltr'><strong>volui,</strong></span> <span class='ocrx_word' id='word_1_629' title='bbox 1550 5409 1600 5466; x_wconf 89' lang='lat' dir='ltr'><strong>snd</strong></span> <span class='ocrx_word' id='word_1_630' title='bbox 1619 5409 1760 5482; x_wconf 89' lang='lat' dir='ltr'><strong>quomodo</strong></span> 
     </span>
     <span class='ocr_line' id='line_1_52' title="bbox 81 5494 1757 5577; baseline -0.002 -21"><span class='ocrx_word' id='word_1_631' title='bbox 81 5499 140 5569; x_wconf 82' lang='lat' dir='ltr'><strong>jain</strong></span> <span class='ocrx_word' id='word_1_632' title='bbox 156 5500 191 5556; x_wconf 88' lang='lat' dir='ltr'><strong>ab</strong></span> <span class='ocrx_word' id='word_1_633' title='bbox 207 5499 350 5556; x_wconf 89' lang='lat' dir='ltr'><strong>bominum</strong></span> <span class='ocrx_word' id='word_1_634' title='bbox 368 5500 516 5557; x_wconf 88' lang='lat' dir='ltr'><strong>recesserit</strong></span> <span class='ocrx_word' id='word_1_635' title='bbox 530 5501 671 5559; x_wconf 89' lang='lat' dir='ltr'><strong>memoria.</strong></span> <span class='ocrx_word' id='word_1_636' title='bbox 687 5494 753 5570; x_wconf 64' lang='lat' dir='ltr'><strong>Sed,</strong></span> <span class='ocrx_word' id='word_1_637' title='bbox 763 5502 896 5560; x_wconf 86' lang='lat' dir='ltr'><strong>conside·</strong></span> <span class='ocrx_word' id='word_1_638' title='bbox 948 5517 997 5572; x_wconf 86' lang='lat' dir='ltr'><strong>pro</strong></span> <span class='ocrx_word' id='word_1_639' title='bbox 1013 5501 1117 5577; x_wconf 76' lang='lat' dir='ltr'><strong>ingenii</strong></span> <span class='ocrx_word' id='word_1_640' title='bbox 1133 5501 1268 5559; x_wconf 85' lang='lat' dir='ltr'><strong>tenuitate</strong></span> <span class='ocrx_word' id='word_1_641' title='bbox 1283 5501 1368 5560; x_wconf 81' lang='lat' dir='ltr'><strong>valui.</strong></span> <span class='ocrx_word' id='word_1_642' title='bbox 1385 5501 1458 5559; x_wconf 83' lang='lat' dir='ltr'><strong>ltnrn</strong></span> <span class='ocrx_word' id='word_1_643' title='bbox 1477 5502 1553 5559; x_wconf 91' lang='lat' dir='ltr'><strong>enirn</strong></span> <span class='ocrx_word' id='word_1_644' title='bbox 1569 5498 1700 5556; x_wconf 86' lang='lat' dir='ltr'><strong>rusticani</strong></span> <span class='ocrx_word' id='word_1_645' title='bbox 1716 5497 1757 5554; x_wconf 90' lang='lat' dir='ltr'><strong>la·</strong></span> 
     </span>
    </p>
   </div>
   <div class='ocr_carea' id='block_1_7' title="bbox 0 0 1864 6014">
    <p class='ocr_par' dir='ltr' id='par_1_10' title="bbox 0 0 1864 6014">
     <span class='ocr_line' id='line_1_53' title="bbox 0 0 1864 6014; baseline 0 3"><span class='ocrx_word' id='word_1_646' title='bbox 0 0 1864 6014; x_wconf 95' lang='lat' dir='ltr'><strong> </strong></span> 
     </span>
    </p>
   </div>
  </div>
 </body>
</html>
