3720 6014
131 206 199 265 fill
638 191 783 250 annuunt
802 189 960 247 tenuntur
979 187 1125 246 nunaunt
1146 186 1295 245 FLORle.
1420 253 1424 259 ,
1747 187 1808 244 tttt

131 314 202 393 torio
228 332 352 404 ejusdem
374 327 558 402 possessionis
577 331 742 399 congerunt,
766 321 883 378 vestium
899 319 941 374 di·
955 323 978 392 Α
991 325 1050 388 est;
1076 319 1219 392 Philippus
1233 327 1323 377 autem
1348 327 1424 392 patre
1448 322 1704 383 defunetototius
1734 330 1811 395 regni

130 443 224 484 versas
237 424 355 496 species,
369 423 511 483 alimenta,
533 426 560 473 et
575 424 674 473 caetera
693 414 823 469 humanis
841 412 939 468 usibus
992 411 1156 467 francorum
1171 410 1359 484 gubernacula
1372 412 1502 468 obtinuit.
1515 413 1675 485 Septennis
1691 413 1749 482 (la)
1764 430 1809 468 au·

131 520 309 578 accommoda
348 515 481 586 llospilali
502 514 596 585 itaque
623 511 726 567 Pictavi
744 509 860 565 audiunt
875 522 939 578 pro·
990 511 1125 570 temerat,
1140 503 1252 575 quando
1268 509 1346 574 pater
1364 503 1524 577 defungitur
1550 503 1611 570 era
1632 505 1671 560 cle
1688 520 1721 559 re
1735 507 1809 562 sorli-

130 612 263 668 viueiales
275 611 367 667 omnia
382 625 442 674 sua,
459 616 488 663 ut
503 607 607 661 dictum
624 612 676 669 est,
694 604 719 657 ia
736 601 853 656 eeclesia
867 615 938 656 eon·
990 602 1035 651 tus
1049 604 1092 651 est
1104 595 1216 652 tutelam
1230 596 1305 652 illius
1319 596 1359 651 vir
1369 596 1572 653 illustrissimus
1582 597 1747 652 balduinus
1759 598 1809 661 lla·

127 705 240 772 jecisse,
256 701 364 757 cacteris
387 701 525 772 (quamvis
549 699 583 753 sit
598 711 722 768 preceps
747 693 843 749 eadem
865 691 940 747 natio
990 687 1276 758 sulanusnominell)
1305 687 1642 747 Plandrensiunreomes.
1661 689 1719 754 Qui
1750 707 1811 760 pra·

130 793 164 849 ad
181 791 308 848 audenda
324 805 440 862 quaeque
454 788 559 858 illicita)
570 801 677 841 sacrum
689 792 778 839 tamen
792 780 942 837 lormidan·
991 783 1155 838 deotissime
1176 783 1253 858 regni
1266 784 1463 840 administrans
1482 786 1609 860 negotia,
1627 785 1728 841 donec
1744 787 1811 841 idern

132 888 348 945 tibustemcrare
363 886 466 950 locun,
481 900 553 939 unns
567 877 802 937 eorumaudacior
815 875 940 946 reliquis,
992 872 1135 944 Phiiippus
1162 872 1354 947 intelligibiles
1369 874 1516 950 attingeret
1543 891 1647 940 annos,
1683 879 1812 945 tyrannos

132 994 317 1052 prorumpens
333 977 361 1031 in
381 975 537 1039 ecelesiam,
551 988 661 1028 saecum
676 971 812 1025 frumento
828 967 940 1039 plenum
992 979 1042 1033 per
1053 969 1136 1018 totam
1150 962 1319 1034 pullulantes
1340 963 1479 1018 Franciam
1499 969 1553 1018 lam
1583 964 1721 1020 consiliis
1736 982 1812 1036 quam

133 1069 258 1125 humeris
273 1069 419 1139 imponens
433 1066 500 1131 suis,
513 1072 628 1120 onustus
637 1060 784 1135 sacrilegio
800 1058 941 1129 proprium
992 1055 1076 1109 armis
1095 1054 1265 1126 perdomuit,
1280 1063 1308 1110 et
1323 1071 1423 1135 pacem·
1444 1055 1594 1110 maximam
1625 1056 1724 1111 teneri
1742 1055 1812 1111 fecit.

135 1161 278 1234 repedavit
297 1161 331 1213 ad
355 1157 516 1229 hospitium,
530 1170 704 1228 nequaquam
728 1152 775 1206 diu
795 1167 879 1220 super
895 1149 941 1204 lali
992 1149 1249 1220 ProindePhilippo
1262 1151 1318 1221 jam
1333 1151 1435 1219 juvene
1446 1151 1529 1216 facto,
1546 1152 1696 1227 integrum
1713 1152 1814 1223 absque

133 1252 276 1329 gavisurus
302 1248 383 1304 facto.
407 1247 531 1319 lienique
556 1259 618 1299 mox
639 1251 669 1297 ut
703 1256 760 1296 snae
786 1237 943 1294 metationis
992 1242 1075 1296 unius
1097 1241 1179 1296 viculi
1207 1242 1403 1297 imminutione
1421 1243 1814 1315 regnumrestituit,etipse

135 1341 267 1416 [hospitii]
298 1340 385 1395 subiit
412 1339 539 1406 limitem,
578 1341 720 1406 coeperunt
747 1331 839 1387 omnia
868 1331 943 1385 illins
992 1347 1048 1389 non
1064 1333 1150 1389 multo
1166 1343 1226 1404 post
1244 1332 1356 1388 vivendi
1376 1331 1458 1387 linem
1476 1332 1548 1388 fecit.
1573 1333 1733 1403 Philippus
1755 1349 1815 1388 vero

134 1434 269 1492 membra,
292 1448 366 1487 more
382 1446 476 1487 eorum
497 1429 544 1501 qni
562 1435 697 1498 quartano
709 1425 835 1478 laborant
847 1424 941 1494 typho,
992 1426 1127 1497 inprimis
1146 1427 1356 1481 multastrenue
1371 1426 1455 1496 gessit
1470 1426 1562 1492 annis,
1579 1425 1632 1481 sed
1646 1432 1736 1480 aetate
1752 1442 1814 1496 pro·

136 1529 264 1581 tremere.
290 1521 432 1595 frigusque
455 1516 630 1574 intolerabile
651 1531 700 1587 per
718 1520 804 1569 totum
825 1512 887 1579 ejus
912 1528 942 1567 se
992 1516 1120 1582 cedente,
1137 1515 1493 1589 molecarnisaggravatua
1510 1515 1687 1586 ampliorem
1704 1530 1815 1585 operam

136 1613 301 1683 dispergens
323 1627 433 1682 corpas,
455 1609 562 1684 glaciali
589 1608 694 1682 rigores
727 1620 824 1660 omnes
853 1603 966 1714 ipsius¹
991 1607 1054 1662 cibo
1068 1605 1183 1660 indulsit
1197 1611 1224 1659 et
1243 1620 1342 1660 somno
1359 1621 1439 1676 quam
1456 1605 1540 1660 rebus
1556 1605 1686 1661 bellicis.
1708 1604 1758 1660 llic
1772 1606 1815 1658 dn·

133 1701 258 1755 astrinxit
286 1706 368 1752 artus.
396 1698 480 1753 Porro
513 1696 613 1752 accolae
647 1693 772 1762 ejusdem
801 1691 867 1757 loci,
893 1691 940 1762 qui
992 1695 1032 1750 cis
1047 1695 1138 1751 Frisiae
1156 1694 1239 1749 filiam
1260 1693 1373 1749 nomine
1389 1693 1516 1748 bertham
1538 1692 1568 1747 in
1594 1693 1812 1747 matrimonium

133 1796 234 1851 certius
246 1800 378 1849 noverant
392 1792 504 1849 cursibi
520 1791 681 1863 contigisset
695 1796 748 1844 tam
761 1787 850 1843 subita
862 1787 940 1841 vale·
992 1785 1108 1855 accepit,
1130 1801 1192 1857 quae
1213 1784 1238 1839 ei
1262 1783 1359 1856 genuit
1378 1782 1558 1838 Lndovieum.
1590 1780 1815 1837 ltebellavernnt

133 1884 209 1952 tudo,
225 1883 338 1952 (conscii
355 1882 428 1937 enim
447 1881 551 1952 optime
566 1879 676 1934 fuerunt
690 1892 850 1951 magnarum
868 1877 941 1932 beati
992 1879 1082 1928 autem
1096 1881 1192 1930 contra
1205 1890 1268 1929 eum
1285 1873 1396 1944 quidam
1404 1873 1573 1929 Francorum
1587 1886 1743 1942 proceres,
1753 1871 1813 1942 opi-

134 1977 261 2048 martyris
281 1975 423 2044 virtulum)
439 1975 583 2028 hortantur
601 1973 743 2036 miserum,
763 1976 793 2024 ut
819 1969 893 2041 quod
908 1970 943 2024 ab
993 1963 1043 2017 bas
1062 1970 1089 2018 at
1104 1963 1210 2018 viribus
1237 1962 1376 2018 Guillolmi
1396 1963 1469 2037 regis
1489 1963 1644 2035 anglorum
1669 1962 1816 2026 fidentem

134 2065 250 2121 eeclesia
276 2064 413 2118 violenter
432 2062 600 2117 abstraxerat
628 2058 747 2115 triticum
773 2057 938 2113 restitueret.
993 2068 1024 2108 ex
1041 2053 1143 2124 quibus
1158 2053 1233 2125 lingo
1249 2053 1283 2108 de
1298 2053 1410 2110 Puteolo
1424 2054 1559 2110 adversus
1575 2071 1643 2109 eum
1662 2071 1743 2110 arma
1757 2071 1816 2111 cor·

134 2154 210 2219 Quod
228 2152 389 2218 monebant,
405 2152 462 2206 fieri
474 2167 545 2223 agre
559 2148 773 2221 impetrant‚sed
785 2146 941 2202 nullatenus
992 2144 1084 2214 ripuit,
1101 2142 1195 2214 plnres
1210 2144 1262 2198 sibi
1286 2145 1426 2199 asciscens
1449 2145 1646 2200 auxiliatores.
1673 2145 1733 2200 flea
1751 2160 1815 2200 vcro

135 2241 233 2297 beatus
248 2248 351 2310 martyr
370 2239 431 2310 ejus
445 2238 530 2293 invita
544 2237 667 2308 placatur
680 2234 941 2307 poenilenlitt.'Erg0
992 2241 1200 2307 ejusaudaciam
1214 2255 1390 2311 compescere
1401 2241 1528 2312 cupiens,
1541 2240 1745 2313 undequaque
1761 2242 1815 2294 mi„

137 2333 255 2389 Pictavis
267 2349 329 2388 eum
345 2349 395 2386 sua
409 2331 522 2387 dominu
535 2330 562 2384 in
578 2329 698 2384 erastino
712 2343 727 2382 a
743 2328 804 2383 loco
819 2327 867 2381 illo
880 2342 941 2381 sese
993 2334 1071 2389 titum
1094 2335 1231 2389 conamur
1246 2349 1368 2388 manum,
1390 2335 1464 2389 luter
1482 2335 1611 2407 reliquos
1632 2335 1725 2390 guam
1741 2334 1814 2389 auxi.

138 2423 377 2493 Pf0¹¹¹0V⁰¹¹¹5b1152
396 2421 481 2476 miser
495 2420 542 2475 5¹¹0
567 2419 670 2474 ibidem
695 2416 827 2473 remorari
844 2416 942 2472 formi·
993 2425 1085 2488 liares,
1100 2424 1251 2480 exercitum
1263 2425 1297 2479 de
1314 2425 1471 2501 burgundia
1487 2425 1647 2481 adventare
1660 2425 1756 2495 jubet.
1771 2426 1815 2491 aar

137 2514 216 2580 dans,
233 2530 288 2586 quo
302 2513 387 2568 valuit
402 2512 485 2568 modo
499 2528 561 2567 eum
577 2511 618 2566 eis
633 2509 816 2582 progreditur.
840 2509 868 2562 ln
882 2524 944 2578 pro·
993 2520 1108 2582 accepto
1120 2512 1259 2580 axandalo,
1283 2514 1310 2567 in
1323 2513 1462 2569 Franciam
1480 2522 1651 2585 properant,
1673 2516 1733 2569 dux
1743 2515 1815 2568 vide-

139 2621 219 2661 ressu
234 2606 397 2673 autemviae,
413 2605 478 2661 dum
490 2620 552 2659 cum
565 2603 648 2658 sociis
660 2602 795 2677 graditur,
812 2602 941 2673 paulatim
995 2608 1060 2662 lieet
1075 2607 1198 2679 ejusdem
1214 2608 1379 2680 Burgundiae
1399 2609 1467 2676 Ode,
1484 2608 1712 2665 Niverneusium
1729 2625 1815 2665 comes

135 2699 303 2756 sataadabili
323 2700 435 2755 indutas
455 2698 574 2764 insania,
604 2697 689 2767 0oeltit
711 2713 760 2752 aaa
794 2696 941 2752 insatiabili
992 2703 1168 2770 Gnillelmus,
1185 2703 1469 2760 autissiodorensium
1496 2705 1627 2775 pontifex
1649 2705 1813 2767 Gaufrerlus,

135 2807 226 2846 morsu
248 2807 324 2846 more
339 2791 438 2846 canino
455 2789 589 2845 dilaniare
599 2788 721 2844 brachia.
738 2788 787 2853 Qui
803 2805 940 2845 veroeum
992 2806 1019 2855 er
1031 2799 1076 2854 alii
1088 2799 1277 2872 quamplures,
1287 2814 1358 2871 quos
1367 2807 1492 2854 rueme
1506 2799 1682 2876 perungam
1702 2802 1812 2872 puppa-p.

134 2896 313 2951 ⁰0¹PP0⁸⁰⁰P0
325 2881 466 2944 V0¹abanb
479 2894 653 2950 nequaquam
667 2876 940 2936 SPsfissafat'alabaai·
993 2909 1063 2946 mus.
1080 2892 1111 2947 lli
1122 2899 1242 2964 creptum
1259 2894 1311 2948 iter
1323 2899 1479 2964 carpentes,
1496 2893 1539 2948 via
1551 2894 1685 2950 dictante
1703 2896 1731 2950 in
1749 2910 1812 2966 qoo-

135 2973 331 3028 Perseverante
348 2973 394 3027 illo
420 2972 540 3028 intanta
559 2971 692 3036 amentia,
711 2978 822 3026 ventum
847 2978 888 3026 cst
907 2972 979 3060 21ch¹
993 2983 1055 3038 dam
1071 2983 1174 3054 ppaepjo
1195 2983 1280 3038 papus
1302 2984 1452 3051 Benedicti,
1483 2985 1600 3040 upapam
1624 2986 1683 3051 120)
1707 2994 1811 3051 vocato,

135 3066 248 3122 flaviana
274 3066 439 3137 quandam
460 3064 702 3119 transvadantibus
721 3065 838 3134 caeteris,
861 3066 943 3122 miser
995 3073 1172 3129 metationem
1189 3080 1366 3144 aeceperunt.
1381 3074 1414 3129 Ut
1428 3089 1494 3130 vero
1505 3075 1763 3150 morisagrestium
1774 3083 1813 3130 est

136 3157 182 3212 ille
202 3172 250 3211 sna
265 3162 364 3226 sponte
391 3156 418 3209 in
439 3155 552 3210 fluvium
567 3170 628 3209 sese
655 3155 841 3226 praecipitans,
865 3158 944 3228 aquis
995 3165 1022 3220 in
1045 3166 1165 3222 adventu
1195 3165 1314 3221 militum
1334 3165 1495 3233 formidare,
1521 3174 1720 3239 perstrepere,
1746 3185 1810 3240 qna.

135 3248 284 3304 suffocatas
299 3248 391 3320 periit,
403 3247 551 3302 maximum
571 3248 628 3302 suis
650 3247 793 3302 sodalibus
806 3249 944 3305 incutiens
994 3270 1158 3325 quaversnm
1186 3254 1355 3326 fugerasua
1385 3255 1412 3309 in
1433 3254 1502 3310 locis
1528 3256 1689 3312 tutioribus
1713 3274 1811 3312 recon-

135 3345 268 3394 terrorem
285 3338 362 3393 etde
379 3337 487 3408 reliquo
504 3337 698 3403 cautelam‚ne
714 3338 943 3394 sacrorumulle·
994 3345 1070 3412 dere,
1097 3347 1214 3401 maxime
1241 3347 1268 3401 in
1288 3353 1365 3402 tanto
1384 3348 1500 3418 strepitu
1520 3349 1619 3404 rustici
1649 3366 1738 3421 snpra
1758 3367 1811 3404 me·

136 3429 194 3484 rius
204 3430 353 3485 violatores
368 3430 486 3484 existere
500 3435 697 3500 praesumerent
713 3430 846 3485 locorum.
863 3430 943 3486 Plura
993 3436 1090 3491 morati
1108 3436 1170 3510 pagi
1184 3437 1277 3493 omnia
1289 3453 1338 3492 sua
1352 3438 1385 3492 ad
1404 3438 1549 3494 ecelesiam
1568 3442 1747 3508 convehunt,
1761 3451 1811 3496 tam

137 3521 250 3592 quidem
268 3528 435 3594 erant,quae
456 3522 491 3577 de
516 3523 569 3577 hoo
584 3522 812 3592 praestantissimo
826 3528 943 3595 martyre
994 3539 1132 3579 annonam
1156 3541 1238 3596 quam
1267 3526 1465 3596 supellectilem
1481 3529 1596 3583 variam.
1627 3529 1717 3586 Porro
1742 3531 1812 3584 rnili-

138 3619 191 3674 diei
218 3626 354 3690 poterant.
379 3618 432 3674 Sed
457 3634 491 3674 ne
514 3618 614 3690 aliquis
635 3619 750 3674 obvians
777 3619 942 3676 calumniam
994 3618 1051 3667 tum
1068 3614 1228 3686 phalanges,
1243 3622 1387 3687 postquam
1414 3616 1486 3671 fessa
1509 3617 1605 3674 labore
1627 3619 1681 3674 viae
1697 3635 1813 3691 corpora

138 3707 220 3762 nobis
234 3708 301 3764 velit
315 3714 489 3779 praestruere,
505 3708 602 3764 dicans
617 3724 667 3764 nos
680 3716 803 3765 nugarum
817 3710 945 3782 promsi.
995 3701 1113 3772 dapibus
1128 3704 1294 3770 relevarunt,
1314 3704 1417 3760 cibaria
1441 3706 1500 3760 suis
1516 3709 1697 3777 procuraturi
1722 3710 1810 3780 equis.

138 3804 195 3851 turn
210 3797 373 3863 excessisse,
401 3796 531 3867 quoniam
552 3798 616 3852 dum
635 3798 782 3854 debuimus
795 3800 881 3855 Patris
894 3801 945 3856 lte-
994 3792 1169 3862 rannarinal
1184 3793 1317 3850 ruricolas
1330 3811 1406 3850 snam
1421 3803 1504 3851 tetam
1517 3812 1662 3852 annonam
1678 3799 1707 3854 in
1724 3801 1812 3854 eecle-

137 3887 242 3944 nedieti
256 3888 325 3942 mira
338 3887 441 3943 referre
451 3903 546 3957 opera,
562 3889 635 3944 laeati
659 3889 748 3944 Mauri
764 3890 856 3964 aliqua
869 3899 945 3947 retu·
993 3885 1033 3941 sia
1048 3887 1199 3942 abdidisse.
1217 3890 1295 3945 Unde
1305 3891 1406 3946 animis
1420 3892 1521 3960 dejecti
1535 3891 1665 3950 referunt
1676 3895 1711 3950 ad
1738 3895 1812 3966 prin-

139 3978 220 4033 limus
239 3986 328 4052 gesta,
345 3985 515 4035 revertamur
534 3981 567 4034 ad
592 3980 720 4051 superius
743 3983 855 4049 omissa,
879 3983 944 4039 licet
993 3980 1070 4050 cipes
1091 3980 1230 4035 exereitus
1241 3996 1300 4036 rem
1316 3997 1426 4038 omnem
1442 3998 1474 4036 ex
1490 3983 1599 4050 ordine,
1632 3987 1741 4042 rustico
1757 3986 1810 4042 sci-

138 4084 194 4124 non
208 4068 368 4143 ignoremus
381 4086 475 4125 eornm
488 4087 549 4143 quas
564 4070 647 4127 beato
662 4073 841 4148 singulariter
856 4078 942 4132 aseri·
993 4070 1057 4126 licet
1072 4087 1149 4142 spem
1165 4072 1206 4126 sui
1220 4071 1307 4127 vietus
1320 4073 1354 4126 ad
1370 4073 1498 4128 tutiorem
1517 4082 1640 4143 parturn,
1658 4077 1807 4132 eeclesiam

138 4158 244 4229 psimus
258 4155 361 4226 bfauro,
375 4158 554 4214 Benerlietnm
577 4161 681 4217 Patrem
703 4165 840 4221 exstitisse
857 4166 942 4237 parti·
992 4161 1066 4229 dico,
1078 4162 1239 4228 contulisse,
1251 4178 1303 4219 nee
1315 4163 1369 4217 sibi
1382 4163 1492 4234 penitus
1507 4165 1578 4220 velle
1590 4166 1661 4222 dare
1674 4177 1723 4224 aut
1738 4185 1807 4225 ven-

136 4252 238 4323 eipem,
254 4253 358 4326 quippe
371 4254 417 4326 qui
433 4254 458 4308 in
471 4256 566 4310 eadem
583 4257 758 4328 requiescant
771 4259 899 4325 ecclesia,
915 4266 943 4316 ul
993 4249 1060 4306 dere
1068 4252 1198 4306 alimenta
1213 4251 1271 4306 suis
1286 4252 1420 4308 vehiculis
1439 4254 1607 4308 necessaria.
1626 4258 1661 4310 nt
1676 4258 1719 4312 illi
1739 4273 1808 4314 cen·

136 4343 232 4397 eadem
254 4343 313 4399 loca
331 4343 504 4414 susceperint
518 4345 642 4411 tutanda,
659 4347 766 4402 endem
786 4349 981 4438 possessio-D
994 4341 1049 4397 tilii
1062 4349 1195 4410 exterres
1213 4343 1280 4414 quid
1297 4352 1379 4419 agant
1392 4343 1638 4417 ignorantiaeque
1654 4347 1734 4402 enim
1749 4364 1811 4402 san·

139 4447 198 4498 nos,
211 4431 350 4504 inquibus
368 4433 477 4488 beatum
494 4443 640 4506 martyrem
653 4435 738 4491 relaxa
752 4436 872 4492 (uiximus
893 4455 940 4509 pa.
993 4438 1097 4484 ctorum
1118 4431 1267 4486 violatores
1282 4431 1405 4487 locorum
1425 4430 1484 4486 lieri
1500 4431 1609 4497 volunt,
1628 4449 1679 4488 seu
1704 4452 1809 4507 praesu·

137 4527 222 4576 trasse
242 4523 384 4588 miracula,
401 4524 452 4594 ipsi
476 4523 599 4579 floriaco
615 4533 679 4581 sunt
692 4526 833 4597 subjectae.
860 4526 943 4599 Cujus
992 4527 1079 4572 anam·
1109 4518 1378 4591 Epiawnaailaaaa.
1406 4520 1453 4592 (lai
1481 4521 1589 4578 aaaiiar
1610 4525 1725 4580 eaererts
1749 4542 1809 4581 ansa

138 4608 191 4666 loci
220 4610 306 4666 lactus
327 4617 368 4667 est
385 4620 501 4685 uterque
522 4620 654 4684 patronus
675 4615 867 4686 omnipotente
887 4618 941 4673 lto.
992 4609 1136 4677 debuerat,
1151 4610 1268 4680 juvenili
1287 4617 1365 4667 aetus
1375 4612 1542 4679 temeritate,
1557 4615 1671 4669 scurrili
1689 4616 1811 4672 interro·

140 4699 216 4754 mino
228 4700 373 4774 largiente.
992 4708 1038 4773 gat
1051 4714 1181 4756 sermone
1196 4707 1286 4755 utrum
1295 4716 1355 4756 eam
1372 4716 1512 4757 annonam
1525 4702 1658 4759 homines
1679 4705 1711 4759 in
1722 4707 1811 4761 eccle·

174 4791 235 4847 Car.
252 4793 339 4847 lllllll.
357 4819 389 4834 -
409 4797 543 4850 Historiae
583 4797 704 4852 hedalu
722 4798 862 4854 auarum
887 4801 940 4852 mi.
992 4792 1061 4846 siam
1076 4791 1266 4847 contulissent.
1281 4791 1575 4864 Cuicumresponsum
1592 4807 1689 4851 esset:
1711 4803 1812 4854 Etiam.

137 4885 310 4955 litcspuniti.
341 4885 445 4959 Regina
471 4885 601 4942 blathilrle
624 4895 711 4943 metas
729 4889 841 4944 vivendi
862 4904 942 4944 exce·
995 4884 1091 4952 luitur,
1108 4882 1341 4955 inquitdromtaax
1364 4886 1635 4955 abstrahant-,labat
1653 4903 1727 4961 ergo
1744 4907 1811 4962 praa·

138 4978 231 5046 dente,
250 4995 296 5034 rex
309 4980 474 5035 hinricusin
489 4981 648 5055 eonjugium
673 4982 727 5037 sibi
743 4983 841 5038 aseivit
860 4984 943 5040 liliam
995 4977 1074 5042 PPPPs
1088 4971 1140 5043 l2¹l
1155 4972 1205 5040 iser
1221 4979 1248 5027 θῑ
1262 4982 1395 5045 ‘luamuffl
1421 4975 1517 5029 h⁰s1¹05
1544 4978 1706 5034 ⁰⁰⁰⁰⁸⁸i²³¹⁵
1727 4997 1813 5052 ⁰¹Pa·

138 5072 212 5142 regis
236 5071 371 5138 lLadislail
390 5072 549 5140 llrrssorum,
565 5075 678 5129 nomine
698 5079 812 5130 hanam.
839 5076 901 5131 llaec
920 5081 946 5137 ei
996 5064 1081 5127 tebal,
1098 5064 1155 5119 suis
1176 5063 1301 5134 praebere
1313 5067 1402 5139 equis.
1418 5067 1631 5138 Properaturnd
1648 5072 1812 5140 aeclesiam,

139 5160 247 5231 peperit
262 5159 406 5227 treshlios,
423 5161 773 5233 Philippum,llotbertum,
785 5164 940 5237 lluqoneu,⁸
991 5158 1128 5214 violenter
1141 5159 1275 5215 hordeum
1287 5161 1361 5216 abea
1370 5160 1545 5218 abstrahitur.
1559 5162 1702 5222 Pabulum
1713 5168 1814 5223 exinde

61 5298 64 5303 .
137 5265 254 5321 quorum
280 5251 426 5307 lietbertus
449 5251 539 5306 adhuc
559 5252 691 5323 puerulus
716 5253 847 5319 decessit;
866 5255 942 5328 llugo
992 5255 1316 5327 equissubministratur.
1334 5258 1505 5327 lnerastino,
1517 5274 1574 5331 quo
1586 5273 1815 5332 capernaunen-

137 5344 294 5399 eomitatum
335 5344 511 5416 postmodum
539 5343 789 5400 virimandensium
826 5346 943 5417 adeptus
993 5348 1072 5415 dunt,
1087 5349 1154 5403 nihil
1171 5365 1249 5405 noxae
1264 5365 1294 5404 se
1310 5351 1480 5407 contraxisse
1499 5352 1652 5409 credentes
1667 5362 1749 5428 apud
1765 5359 1814 5413 Pa·

173 5500 225 5582 (¹9)
240 5502 308 5575 Ergo
335 5503 479 5575 Philippus
504 5512 584 5559 natus
608 5513 650 5562 est
672 5521 746 5563 auno
775 5507 858 5575 10533
879 5524 942 5564 nam
994 5509 1099 5576 nensis,
1115 5510 1161 5566 ubi
1178 5511 1315 5581 prioratus
1330 5511 1453 5567 floriaco
1468 5509 1623 5580 subiectus.

131 5566 268 5628 llenrrens
280 5574 342 5644 eius
353 5575 568 5648 paterdecessit
580 5592 653 5637 anno
669 5579 748 5635 tnta.
1030 5581 1086 5652 (all
1106 5582 1152 5638 Sic
1163 5582 1236 5653 apud
1253 5582 1455 5639 bollandianos.
1475 5582 1590 5639 Roscius
1613 5584 1707 5642 habet
1723 5605 1816 5662 perpa-

154 5638 213 5708 (20)
235 5645 333 5715 frere,
366 5652 445 5709 Perre
466 5653 492 5709 le
507 5653 640 5722 Chdoeuu,
671 5651 803 5712 dioeeesis
827 5651 950 5710 aurelia·
1002 5653 1163 5724 tuos,quob
1176 5653 1507 5710 nomenoltxei‘xmilitsris
1521 5669 1585 5710 esse
1602 5658 1733 5727 putavit.
