3720 6014
99 115 167 169 1005
628 110 690 165 LlU.
712 108 752 163 ΟΕ
770 103 936 162 husuuuto
956 103 1045 159 hlGNl
1067 107 1224 168 UUlllNlCl.
1690 125 1759 184 1006

95 242 160 304 stra,
176 234 304 290 eumdem
321 231 464 288 articulum
481 230 562 285 hahet
577 230 605 284 in
622 230 727 298 dextra,
749 245 830 302 quem
852 229 900 283 de·
913 230 939 297 Α
954 227 986 281 ad
1001 245 1121 298 praeseus
1146 249 1231 303 pauca
1248 251 1296 305 pro
1322 236 1448 306 pluribus
1470 239 1600 295 videntur
1619 242 1756 302 sulficere.

97 326 189 379 uarius
204 324 231 378 in
244 323 367 377 sinistra.
953 313 1017 369 Cum
1031 319 1103 372 enim
1121 329 1159 375 tot
1171 330 1199 376 ct
1211 329 1262 377 tam
1279 324 1445 395 multiplices
1461 326 1486 379 ei
1506 327 1645 397 spiritales
1655 330 1759 388 intelli·

131 417 209 483 Ecce,
226 414 292 486 quia
314 413 367 484 piae
381 411 536 467 devotionis
562 419 590 465 et
614 409 741 464 fraternae
760 406 901 462 eharitatis
951 406 1051 478 gentica
1064 409 1118 464 sint
1133 419 1234 480 partes,
1251 421 1280 467 ut
1297 430 1345 485 pro
1369 416 1542 485 explicandis
1566 422 1696 478 omnihus
1714 425 1759 479 rix

96 505 210 558 humero
226 502 281 557 duo
297 500 426 572 mysteria
442 500 521 555 vobis
535 500 561 553 iu
579 499 676 553 eodem
695 497 901 568 apportavimus
951 494 1078 550 humanae
1093 495 1231 553 sul'licianl
1245 508 1328 566 artes,
1346 502 1409 557 idco
1429 520 1444 557 a
1468 505 1549 560 uobis
1571 523 1627 562 aron
1644 525 1676 564 ex
1691 519 1758 579 tolo,

98 611 225 660 numero,
253 599 333 648 restat
364 601 403 658 ut,
432 591 585 647 secundum
607 590 760 645 doctrinam
780 591 902 643 virorum
954 584 1050 638 seder
1068 593 1144 655 parte
1178 589 1324 662 allegorica
1341 593 1396 659 jam
1417 592 1608 651 discutiendus
1628 606 1669 653 est
1691 608 1758 656 arte.

98 684 253 749 solertium,
269 681 378 736 duobus
394 681 436 735 his
455 680 589 735 addamus
603 687 631 734 et
655 679 775 734 tertium.
795 680 904 733 latuen·
954 678 1006 732 Sed
1023 687 1168 750 antequam
1185 682 1219 735 ad
1239 699 1374 738 summam
1390 688 1566 755 perveniatur
1580 690 1677 761 ipsius,
1698 709 1758 764 par-

98 775 163 828 dum
179 783 220 828 est
249 788 314 827 sane
337 769 507 843 quibuslibet
530 769 679 825 lectoribus
696 770 808 823 intentis
828 768 903 839 quod
953 777 994 824 tes
1014 771 1074 839 ejus
1090 774 1299 830 considerandae
1319 784 1382 831 sunt
1399 780 1484 848 prius,
1501 797 1536 835 ne
1552 798 1614 836 cunr
1636 793 1760 856 exparte

96 866 186 921 littera
206 865 236 932 Τ,
252 866 327 931 thau,
343 864 467 918 numeris
481 862 636 917 intitulatur
651 862 798 917 trecentis:
815 860 902 935 signi·
954 864 1112 933 peruenitur
1125 865 1158 918 ad
1175 872 1271 933 toturn,
1298 871 1457 939 mysterium
1479 874 1553 942 quod
1569 874 1630 929 aliis
1659 884 1699 930 est
1713 893 1758 933 eo·

97 959 159 1014 deal
182 959 311 1013 videlicet
333 958 418 1030 quod,
448 958 518 1012 sicut
540 972 616 1012 nouae
635 957 705 1030 legis
725 963 840 1012 testatur
859 973 904 1010 sa·
953 953 1058 1026 guitum
1080 953 1142 1007 aliis
1154 956 1240 1025 possit
1255 973 1314 1012 esse
1329 958 1465 1030 ignotum.
1481 961 1669 1038 Nostisigitur
1685 967 1759 1039 quod

97 1060 279 1118 crementum,
295 1052 412 1107 Trinitas
428 1053 456 1107 in
472 1051 571 1118 trihus,
594 1059 622 1107 et
637 1052 755 1106 charitas
770 1050 902 1127 liguratur
951 1040 1109 1110 quinalium
1126 1058 1270 1097 ¹¹¹¹¹¹l⁰¹l¹ffl
1286 1044 1373 1100 Ullus
1387 1046 1481 1102 dllissfl
1494 1049 1621 1116 Ssscsal'lh
1638 1051 1702 1105 [lum
1726 1052 1761 1107 de

97 1150 260 1205 incentum.
282 1148 337 1202 Nisi
365 1147 438 1202 euim
467 1146 592 1217 ejusdcm
622 1147 763 1202 eharitatis
783 1147 902 1202 velimus
952 1129 1076 1200 Tumque
1093 1130 1656 1210 panibusetduobuspiscibusquinque
1675 1141 1761 1196 millia

96 1238 200 1294 habere
225 1245 362 1304 tenorem,
387 1237 422 1291 (ιθ
448 1252 502 1307 qua
530 1236 662 1306 scriptum
689 1244 749 1290 est:
780 1238 902 1302 Perfecta
952 1220 1070 1290 satiavit,
1096 1222 1124 1275 iu
1155 1223 1278 1295 quiaque
1307 1225 1411 1281 scilieet
1432 1228 1562 1304 panibus
1590 1242 1762 1288 sacramenta

95 1332 218 1387 empus
237 1332 313 1396 foras
331 1331 414 1384 mappa
445 1331 566 1385 timorem
591 1330 614 1397 p
637 1327 716 1382 poan,
733 1328 780 1399 w),
797 1344 903 1400 nequa.
953 1314 1112 1390 significans
1132 1317 1211 1390 legis,
1235 1319 1262 1372 in
1284 1320 1392 1375 duobus
1418 1329 1509 1376 autom
1532 1324 1664 1394 piscihus,
1693 1327 1761 1382 duas

96 1438 179 1493 quam
196 1420 224 1474 jn
238 1435 289 1474 uos
304 1418 461 1473 dilectionis
471 1416 546 1473 ipius
562 1424 651 1489 potest
666 1418 823 1473 redundare
840 1434 902 1488 per.
954 1422 1088 1478 personas
1099 1409 1252 1464 sacerdotis
1268 1411 1377 1485 etregis
1404 1412 1482 1468 Unde
1497 1415 1628 1484 quoniam
1646 1416 1761 1474 insacro

96 1512 190 1578 lectio,
210 1511 245 1565 de
265 1527 318 1581 qua
338 1509 440 1565 dictum
461 1517 519 1564 est:
546 1510 686 1565 Plenitudo
705 1511 769 1580 lepis
797 1515 834 1565 est
861 1510 903 1563 aa.
954 1494 1065 1567 cloquio
1088 1497 1214 1568 quotidie
1242 1499 1382 1555 vobiscum
1408 1500 1540 1559 discimus
1558 1505 1631 1575 quod
1663 1505 1690 1558 in
1712 1507 1758 1562 illa

96 1600 267 1670 tacitatacita.
289 1599 357 1669 un).
374 1597 546 1669 aequoniam
564 1598 704 1672 allegorici
730 1614 839 1667 sensus,
857 1599 903 1669 qui
955 1590 1084 1660 passione
1104 1590 1245 1646 [lominica
1274 1610 1325 1648 nec
1340 1594 1431 1664 pisces
1454 1596 1582 1667 panibus,
1604 1613 1656 1653 nec
1676 1615 1761 1669 nares

95 1692 123 1747 iu
152 1691 249 1747 eodem
269 1706 385 1745 numero
405 1690 536 1756 latebant,
554 1690 679 1746 charitati
708 1697 816 1758 vestrae,
834 1691 903 1748 dilo-
954 1677 1068 1734 desllem
1083 1680 1216 1750 Piscibus,
1233 1680 1347 1754 dignum
1363 1691 1405 1739 081
1418 1691 1457 1751 ub
1474 1700 1523 1755 pro
1539 1685 1638 1740 00d0¹1¹
1664 1703 1760 1742 elem-

95 1781 220 1846 nissimi,
234 1781 290 1851 iam
316 1779 395 1835 tertio
412 1778 554 1849 patebant,
576 1778 690 1852 dignum
712 1787 754 1834 est
774 1787 813 1846 ut,
838 1781 902 1852 quia
953 1771 1000 1840 plo
1013 1769 1041 1824 iu
1057 1769 1176 1825 Ecclesia
1191 1771 1357 1843 [teisemper
1371 1775 1561 1845 exsequendo,
1577 1792 1629 1832 uec
1645 1794 1758 1849 regnum

95 1889 182 1928 novus
198 1874 305 1927 animus
321 1886 406 1925 novos
419 1870 503 1940 exigit
526 1877 612 1927 artus,
632 1871 721 1926 tribus
743 1872 860 1927 addatur
875 1883 902 1928 et
952 1861 1145 1928 ³⁸³⁰⁰ld0ll02
1176 1877 1226 1916 ¹¹⁰0
1252 1863 1436 1920 Siceldmiuffl
1456 1875 1634 1936 separatura
1662 1885 1756 1942 TCUUO·

94 1972 215 2038 quartus,
237 1964 333 2019 Notum
347 1969 388 2016 esa
401 1961 473 2016 onim
490 1960 569 2016 vobis
586 1962 614 2015 in
628 1961 732 2018 christo
747 1963 809 2017 lesu
824 1966 900 2035 quod
952 1952 1031 2022 Cujus
1045 1953 1083 2008 rei
1103 1954 1258 2024 exemplum
1273 1953 1354 2010 facilc
1373 1963 1465 2026 potest
1479 1957 1514 2011 ab
1539 1958 1598 2028 ipso
1613 1957 1759 2015 Conditorc

96 2073 150 2112 non
166 2073 243 2122 crux,
259 2055 307 2110 sed
317 2054 427 2125 species
442 2053 532 2108 crucis
544 2054 721 2109 continentur
732 2055 760 2108 in
775 2055 853 2111 litera
870 2057 900 2124 T,
952 2043 1097 2114 Tellfflldh
1111 2045 1158 2115 <lui
1171 2045 1205 2099 ιιι]
1221 2044 1450 2101 sanclifissassdum
1462 2047 1594 2118 populum
1616 2064 1646 2103 sse
1663 2065 1760 2124 ripen·

96 2147 170 2214 thau,
187 2145 329 2217 quoniam,
344 2143 368 2198 si
384 2143 411 2197 in
432 2142 568 2214 superiori
585 2152 661 2213 parte
675 2145 766 2199 adhuc
785 2145 810 2199 ei
837 2161 900 2215 pars
952 2139 1016 2193 dum
1032 2155 1077 2194 rex
1088 2146 1115 2194 et
1129 2140 1259 2196 sacerdos
1269 2141 1379 2197 volebat
1389 2142 1510 2209 ostendi,
1526 2143 1755 2215 quandoadprar·

94 2252 149 2291 uua
163 2240 330 2306 superesset,
347 2248 403 2288 noa
421 2233 477 2302 jam
494 2231 581 2286 forma
601 2233 699 2300 crucis,
715 2234 763 2288 sed
792 2237 900 2308 integra
951 2235 1099 2304 parandam
1125 2236 1208 2290 uobis
1222 2237 1478 2292 immarcessibilem
1495 2238 1558 2293 vitae
1579 2246 1756 2295 aelernaeco·

94 2329 256 2378 cruxessot.
278 2320 550 2375 Undeetiueadcm
572 2319 829 2393 littera,pcrquam
847 2340 900 2377 nu·
951 2341 1057 2394 ronam,
1086 2328 1112 2382 iu
1141 2329 1233 2399 seipso
1262 2330 1460 2385 sacerdotalem
1488 2347 1520 2386 ae
1545 2331 1648 2405 regiam
1673 2331 1760 2387 soluit

93 2435 186 2473 merus
201 2422 396 2480 trecentorum,
414 2423 441 2470 et
455 2414 543 2470 forma
559 2416 648 2471 crucis
660 2416 825 2484 ostenditur,
845 2434 899 2473 uon
951 2421 1061 2485 portare
1083 2432 1246 2486 persouaur3
1264 2417 1381 2488 proinde
1397 2418 1513 2473 inultum
1539 2435 1625 2486 erras,
1646 2434 1662 2473 0
1679 2418 1757 2473 Chri-

91 2507 243 2578 incougrue
259 2503 340 2558 nobis
365 2519 458 2577 pugna
473 2503 610 2560 Gedeonis
631 2505 657 2558 iu
674 2504 763 2580 figura
778 2517 898 2578 praeteu·
946 2506 1038 2563 ¹stiauc
1057 2509 1187 2565 nimirum
1205 2511 1346 2578 haeretice,
1368 2511 1414 2583 qui
1431 2527 1506 2566 more
1531 2512 1757 2583 phreneticorum

90 2596 174 2662 ditur,
186 2595 214 2649 in
229 2610 283 2665 qua
295 2591 426 2647 videlicet
440 2608 489 2662 per
504 2593 618 2666 gratiam
635 2594 837 2665 Umnipotentis
851 2612 899 2651 su·
949 2616 1064 2674 reguum
1082 2610 1109 2656 et
1136 2602 1320 2657 sacerdotium
1349 2603 1424 2658 soles
1449 2603 1553 2677 agitare
1582 2604 1757 2674 phrenetice,

91 2703 141 2758 per
163 2687 255 2741 hostes
275 2700 340 2740 suos
366 2684 466 2738 meruit
486 2685 656 2755 triumphare
680 2689 895 2743 cumtreccutis.
948 2689 1012 2746 dum
1031 2695 1100 2747 duas
1128 2708 1271 2763 personas,
1293 2708 1353 2764 qua}
1380 2693 1406 2746 in
1433 2693 1553 2748 Ecclesia
1573 2693 1621 2748 Uei
1648 2710 1759 2766 semper

90 2781 141 2835 Per
155 2780 315 2852 mysterium
340 2779 413 2833 enim
437 2779 535 2846 erucis,
558 2788 585 2834 et
604 2780 718 2836 formam
747 2783 895 2850 Trinitatis,
948 2779 1025 2835 lucre
1041 2781 1184 2848 sublimes,
1206 2781 1322 2836 diversis
1346 2781 1502 2836 haeresibus
1517 2782 1550 2836 ab
1568 2781 1686 2836 invicem
1710 2798 1757 2837 sc·

90 2870 152 2924 sine
167 2870 251 2924 armis
265 2867 396 2942 pugnavit
410 2883 471 2921 oum
487 2870 609 2935 armatis,
638 2872 749 2943 quando
775 2888 823 2928 eos
840 2888 896 2928 nou
948 2884 1044 2938 parare
1064 2884 1120 2925 nou
1134 2871 1223 2925 times.
1242 2870 1295 2926 Sed
1311 2869 1402 2925 nescis
1417 2869 1534 2925 sortasse
1545 2871 1620 2942 qnod
1636 2870 1757 2942 antiquae

91 2964 175 3019 armis
193 2962 351 3035 subiugavit
370 2961 495 3030 amoenis,
512 2963 561 3018 sed
577 2964 662 3032 tubis,
680 2966 855 3036 lampadibus
871 2975 899 3022 et
911 2919 936 2988 C
948 2956 1099 3014 divinitalis
1116 2958 1182 3014 olim
1197 2959 1332 3014 sancitum
1345 2967 1388 3015 est
1415 2959 1476 3034 lage
1498 2975 1532 3014 ne
1549 2959 1577 3014 iu
1597 2975 1683 3032 regno
1706 2960 1758 3016 llo·

90 3054 205 3128 lagenis.
226 3050 380 3107 Notandum
404 3059 445 3104 est
475 3051 557 3106 ctiam
585 3055 658 3124 quod
686 3055 811 3109 Ezechiel
838 3072 898 3125 pro·
948 3068 1092 3109 manorum
1110 3072 1186 3109 resa
1203 3054 1345 3126 pontifice,
1366 3056 1408 3110 rel
1438 3056 1560 3126 pontifex
1581 3063 1759 3126 separatura

90 3146 215 3217 phetain
240 3144 337 3200 eadem
365 3143 454 3197 littera
476 3142 557 3198 ladem
579 3157 760 3216 expressurus
780 3148 897 3202 creden·
948 3160 1022 3216 rege,
1040 3145 1254 3216 quatenusfiliis
1277 3147 1405 3201 Ecclesiae
1426 3146 1453 3199 in
1482 3145 1631 3202 concordia
1660 3161 1754 3201 eorum

88 3239 168 3306 tium,
198 3239 296 3305 siano,
317 3236 417 3308 inquit,
440 3236 471 3301 T,
492 3236 570 3303 thou,
599 3253 678 3308 saper
702 3240 805 3304 frontes
823 3244 896 3295 niro·
947 3234 1019 3290 bene
1033 3237 1119 3306 possit
1139 3237 1257 3299 ostendi,
1289 3239 1363 3308 quod
1391 3254 1423 3292 ex
1454 3237 1547 3292 divina
1572 3236 1757 3304 ordinatione,

86 3349 149 3387 rum
161 3333 321 3401 pemcnlium
340 3336 365 3385 et
380 3330 527 3384 dolcnlium
546 3331 653 3401 (Erech.
671 3334 718 3400 ur),
738 3334 828 3404 typice
844 3333 898 3387 sci·
947 3342 1019 3380 uirus
1034 3326 1118 3382 habet
1147 3336 1341 3382 testamentum
1358 3328 1507 3384 sacerdotii
1529 3335 1555 3383 et
1582 3329 1653 3383 alius
1669 3330 1756 3402 regni.

85 3425 151 3479 licet
183 3422 327 3476 insinuans
349 3438 400 3493 per
430 3422 482 3476 hoe
502 3436 580 3477 norae
601 3421 827 3479 sanctificationis
855 3424 896 3478 si·
947 3416 1024 3472 Unde
1045 3419 1083 3472 uil
1100 3419 1202 3486 obstat,
1223 3419 1245 3473 si
1263 3418 1375 3490 prelata
1396 3419 1508 3475 relectio
1530 3419 1679 3475 [lominica
1694 3438 1759 3492 pas·

85 3532 181 3591 gnum,
205 3512 279 3584 quod
294 3513 365 3568 lcrro
381 3515 500 3569 hostium
527 3514 625 3570 lortius
640 3522 682 3570 est
698 3517 787 3571 crucis
805 3517 896 3572 Uomi·
946 3511 1032 3566 sionis
1047 3527 1096 3581 per
1110 3510 1257 3582 quamdam
1274 3510 1483 3566 similitudinem
1497 3510 1605 3566 duabus
1619 3511 1662 3566 his
1682 3529 1759 3568 conr-

88 3605 157 3660 uieae
172 3603 288 3676 lignum.
308 3603 358 3657 Per
374 3604 445 3658 hanc
459 3619 525 3677 ergo
539 3619 648 3659 crucem
665 3604 789 3660 Salvator
804 3615 897 3662 noster

87 3695 181 3752 omnia
203 3696 300 3750 rolens
322 3696 431 3749 trahere
449 3696 482 3749 ad
503 3711 549 3760 so,
577 3697 694 3766 Siquis,
716 3697 816 3768 iuquit,
840 3699 897 3753 uult

86 3787 147 3854 post
159 3799 199 3839 me
212 3785 312 3846 uenire,
334 3784 411 3838 tollat
426 3799 529 3839 cracem
549 3798 636 3851 suern,
657 3789 682 3839 et
704 3790 834 3855 sequatur
856 3803 896 3842 me

90 3870 197 3941 (narrt.
213 3888 272 3938 xv13
286 3873 370 3926 More.
394 3873 460 3940 arra),
490 3870 651 3945 significans
677 3872 807 3930 videlieet
822 3878 895 3947 quod

90 3982 123 4022 eo
147 3966 240 4022 verius
263 3966 389 4022 videmur
417 3983 525 4023 crucem
552 3968 649 4025 tollere
672 3968 821 4024 Salvatoris
841 3985 896 4040 quo

90 4074 155 4134 erga
187 4059 327 4129 proximos
355 4067 465 4114 nostros
492 4061 580 4128 major
600 4061 681 4116 nohis
707 4067 749 4116 est
776 4062 896 4116 charitas

88 4151 297 4222 compassionis.
328 4153 395 4208 Eece
411 4153 475 4224 quia
505 4152 593 4208 lorma
617 4154 767 4209 centenarii
790 4155 897 4209 numeri

947 3612 1058 3673 paretur
1079 3601 1216 3672 personis,
1233 3602 1365 3674 quoniam
1385 3603 1412 3656 in
1438 3603 1569 3675 mysterio
1585 3602 1757 3671 reiectionis,

946 3712 1028 3768 quarn
1045 3697 1127 3753 iidem
1141 3696 1191 3752 riri
1207 3695 1310 3751 debent
1336 3697 1469 3752 exhihere
1488 3697 1661 3766 Christianis,
1686 3698 1758 3753 alins

948 3787 1032 3843 babet
1061 3788 1175 3844 Toruram
1204 3789 1288 3860 piscis
1315 3798 1342 3844 at
1369 3789 1439 3844 alius
1463 3790 1553 3861 panis.
1585 3791 1644 3846 Nou
1683 3790 1757 3844 euim

947 3881 1072 3955 ignotum
1089 3888 1130 3936 est
1142 3881 1221 3938 robis
1236 3882 1309 3953 quod
1323 3898 1367 3937 ars
1384 3881 1497 3953 pistoria
1517 3884 1553 3938 sit
1567 3883 1653 3950 intus,
1672 3891 1699 3937 et
1719 3883 1761 3953 pi-

947 3970 1064 4026 scatoria
1076 3970 1153 4039 ioris,
1167 3977 1305 4042 quatenus
1321 3972 1388 4027 aller
1408 3972 1487 4027 alleri
1502 3988 1535 4028 co
1552 3974 1638 4047 magis
1653 3972 1761 4027 studeat
1802 3957 1806 3964 ’

948 4059 1087 4115 inUhristi
1110 4061 1244 4116 charitate
1265 4060 1408 4131 prodesse,
1430 4077 1484 4131 quo
1508 4077 1552 4115 ars
1573 4061 1623 4115 arti
1651 4076 1762 4130 semper

950 4157 1040 4221 potest
1054 4152 1114 4207 usui
1131 4167 1202 4207 esse.
1229 4151 1332 4206 Taliter
1348 4151 1441 4225 igitur,
1463 4166 1513 4222 pro
1540 4151 1639 4206 divinae
1655 4165 1685 4204 ae
1705 4148 1761 4204 ira-

89 4239 168 4294 vobis
180 4248 222 4295 est
237 4241 360 4297 discussa
376 4241 527 4307 moraliter,
544 4249 652 4313 tempus
667 4251 748 4299 estut
764 4240 937 4316 quinqua-D
951 4251 1035 4298 ternae
1049 4243 1207 4299 dilectionis
1222 4258 1327 4310 amore,
1342 4242 1396 4297 duo
1410 4242 1493 4297 iidem
1511 4242 1561 4296 riri
1572 4257 1681 4313 semper
1699 4257 1760 4297 esse

88 4330 219 4403 genarius
234 4347 363 4386 uumerus
388 4332 568 4388 dissentiatur
586 4334 738 4405 aequaliter,
766 4333 894 4406 quoniam

88 4419 154 4474 licet
170 4418 215 4474 illc
230 4419 265 4474 sit
280 4421 384 4490 primus
399 4429 426 4475 et
441 4421 492 4476 iste
505 4421 656 4489 secundus,
673 4427 788 4493 uterque
804 4429 896 4476 tamea

88 4514 130 4563 est
145 4509 259 4579 mystica
281 4509 453 4564 discussione
477 4509 639 4580 profundus.
662 4510 739 4565 Unde
757 4510 823 4567 licet
847 4510 898 4566 iste

88 4610 221 4653 uumerus
237 4597 293 4668 jam
314 4598 506 4654 discutiendus
524 4599 560 4654 sit
578 4599 738 4674 allegorice,
759 4599 836 4669 prius
859 4605 899 4655 ta·

87 4700 151 4740 men
167 4687 285 4742 naturali
301 4688 500 4758 supputatione
516 4687 693 4758 multiplicari
714 4688 797 4744 debet
820 4689 904 4745 histo·

88 4776 155 4843 rice,
183 4786 321 4849 quatenus
339 4778 466 4854 dignosci
494 4779 582 4835 valeat
613 4796 646 4834 ox
671 4779 812 4836 interioris
832 4782 904 4857 oculi

88 4873 259 4944 perspicacia
271 4872 338 4944 quid
353 4873 406 4927 sibi
427 4881 573 4931 ornatura
588 4874 722 4931 debeatur
736 4882 783 4932 aut
800 4877 897 4950 gratia.

88 4962 180 5019 Nostis
204 4965 299 5037 utique
313 4965 378 5037 quia
396 4965 496 5037 siquis
512 4975 605 5037 partes
622 4967 684 5036 ejus
699 4967 765 5023 velit
778 4968 900 5023 aestima·

89 5072 119 5110 re
132 5055 271 5125 distinete,
291 5058 386 5128 procul
402 5058 488 5113 dubio
502 5074 535 5113 ea
550 5059 645 5114 decem
661 5067 768 5116 constat
779 5066 806 5116 et
820 5062 901 5133 quin-

87 5164 155 5219 que,
176 5148 306 5219 quoniam
327 5150 398 5205 sicut
421 5150 601 5206 calculatores
620 5152 779 5209 solertiores
796 5152 901 5224 optime

88 5239 191 5306 sciunt,
205 5239 299 5296 decies
313 5242 448 5315 quinque,
470 5243 514 5298 rel
529 5243 677 5315 quinquies
694 5244 802 5313 decem,
819 5245 901 5316 quin-

87 5335 221 5410 quaginta
240 5333 322 5391 fiant.
351 5337 426 5394 Unde
457 5338 532 5407 lieet,
553 5354 603 5410 per
619 5339 724 5409 judicia
748 5338 901 5396 divinitatis

87 5425 207 5494 occulta,
224 5426 252 5480 in
263 5426 363 5483 eodem
384 5444 500 5487 numero
519 5431 649 5502 mysteria
664 5431 721 5487 siut
735 5431 831 5497 multa,
853 5447 901 5489 no·

88 5518 181 5574 lamus
195 5526 287 5573 tamen
304 5520 339 5575 de
351 5520 392 5576 eis
407 5522 486 5592 plura
503 5538 553 5593 pro
577 5524 671 5593 paucis
684 5524 776 5579 dicere
799 5522 899 5594 quihus

947 4334 1087 4391 debentia
1108 4336 1214 4402 labore,
1225 4334 1357 4407 quoniam
1373 4335 1401 4387 iu
1422 4333 1543 4388 Ecclesia
1557 4332 1606 4387 Uci
1626 4332 1699 4387 inter
1713 4348 1761 4387 eos

947 4425 987 4480 sic
1003 4432 1046 4480 est
1057 4425 1126 4481 ordo
1142 4424 1300 4490 distinctus,
1315 4430 1345 4478 ut
1358 4422 1386 4476 in
1402 4422 1517 4493 hisquae
1532 4431 1596 4501 sunt
1612 4422 1718 4489 saculi,
1735 4429 1761 4477 ot

949 4518 978 4572 iu
997 4518 1041 4572 his
1054 4535 1116 4590 quae
1132 4519 1192 4587 Uei,
1207 4533 1279 4572 uuus
1307 4525 1437 4589 operetur
1453 4517 1520 4572 loris
1537 4524 1564 4572 ot
1581 4516 1652 4572 alius
1672 4516 1756 4571 intus.

950 4606 1069 4680 Uterque
1085 4609 1159 4663 enim
1176 4608 1314 4679 quoddam
1331 4607 1433 4663 divinae
1450 4607 1592 4664 charitalis
1617 4609 1700 4664 habet
1713 4609 1760 4662 in·

954 4701 1046 4775 signe,
1062 4703 1127 4757 dum
1143 4702 1221 4773 quasi
1238 4717 1310 4757 unus
1325 4703 1352 4756 in
1369 4718 1440 4774 aqua
1455 4711 1483 4759 et
1501 4702 1571 4758 alius
1590 4712 1721 4774 operatur
1733 4703 1761 4757 in

956 4794 1031 4866 igue,
1045 4799 1075 4847 ιιι
1086 4791 1158 4848 sieut
1173 4808 1224 4863 pro
1237 4793 1386 4849 dilectione
1394 4793 1452 4861 Uei,
1466 4794 1530 4869 igue
1541 4794 1628 4849 saneti
1645 4793 1762 4864 Spiritus

951 4903 1023 4943 unus
1038 4893 1146 4943 assatur
1161 4894 1190 4942 ut
1204 4888 1294 4959 panis,
1312 4888 1348 4943 ila
1361 4903 1410 4959 pro
1432 4888 1596 4944 defensioue
1619 4886 1761 4959 proximo-

951 4996 1010 5035 rum
1037 4979 1162 5051 squamis
1182 4980 1297 5050 juslitiae
1325 4980 1395 5036 alius
1433 4981 1573 5035 nauniatur
1606 4985 1635 5035 ut
1668 4978 1759 5049 piscis.

952 5067 1028 5123 Uada
1044 5069 1176 5140 quoniam
1194 5069 1221 5122 in
1242 5085 1320 5125 sacro
1335 5070 1447 5141 eloquio
1475 5076 1565 5140 potest
1589 5067 1761 5139 apertissime

952 5157 1020 5212 disci
1061 5158 1135 5230 qnod
1175 5157 1201 5211 iu
1236 5157 1386 5214 relectione
1422 5157 1564 5214 [loruiuica
1604 5172 1655 5211 nee
1679 5155 1763 5227 piscis

951 5247 1027 5321 pani,
1047 5263 1099 5303 nec
1122 5249 1201 5318 panis
1224 5249 1318 5305 aberat
1346 5248 1428 5325 pisp',
1451 5248 1593 5304 sciendum
1621 5256 1663 5302 est
1687 5245 1762 5319 quod
1810 5303 1815 5316 ,

951 5359 1004 5399 nce
1025 5343 1170 5399 catholica
1200 5343 1276 5411 iudei,
1310 5359 1364 5401 nec
1393 5342 1553 5399 Christianae
1592 5341 1767 5399 eontrarium·

950 5439 992 5488 est
1016 5431 1083 5504 legi,
1110 5431 1133 5486 si
1162 5432 1196 5485 ad
1225 5432 1359 5489 honorem
1391 5431 1469 5507 regni
1495 5440 1523 5487 ct
1549 5430 1697 5488 sacerdotii
1718 5445 1765 5484 rex

951 5523 1075 5595 pontifici
1100 5532 1127 5578 ct
1156 5523 1279 5594 pontifex
1299 5523 1413 5580 obediat
1439 5524 1507 5599 regi.
1530 5523 1573 5579 lsti
1603 5530 1667 5580 sunt
1691 5521 1764 5578 enim
