3720 6014
92 115 145 170 877
779 111 874 169 treta
894 108 1079 167 suethans,
1702 105 1755 162 878

93 251 193 307 toribus
210 266 260 321 pro
278 252 411 306 aaridate
434 250 469 284 777
483 250 573 319 operia
601 248 635 283 777
654 250 733 317 niper·
759 251 832 304 color
848 251 901 304 mi·
913 257 937 324 Α
948 251 1029 304 cretio
1046 247 1210 313 sanctitatis,
1229 259 1276 300 nec
1291 245 1444 315 perpendat
1468 243 1536 314 qnid
1553 245 1595 299 uel
1609 248 1755 314 quantum·

91 343 197 394 secatur
215 338 258 392 777.
274 341 305 393 ln
326 353 418 393 mensa
443 352 546 408 quoque
560 352 655 405 rapum
678 352 747 407 sape
763 338 901 408 quoddam
950 338 1014 392 libet
1028 339 1072 392 sui
1087 338 1187 392 loboris
1197 336 1287 406 offeri,
1297 335 1345 390 sed
1354 335 1422 405 quid
1437 340 1529 405 captat
1540 339 1638 391 nostra
1649 336 1756 392 deside·

91 427 145 480 7777
167 423 720 496 177777777777777777777777,177777777’77’77777
732 423 902 492 propellatur
950 434 1022 487 rium
1040 434 1190 499 facultatis.
1221 432 1291 488 Nam
1317 445 1376 485 cnm
1393 432 1497 500 potenti
1518 446 1624 501 pauper
1652 434 1755 489 amicas

92 517 473 586 77777777777777771777777777·
492 519 604 587 7777771777
613 517 694 570 illam
701 517 826 582 1077777777,
843 529 901 569 77777
950 522 1146 592 quantumlibet
1160 519 1195 554 777
1209 522 1252 575 sui
1278 519 1378 574 labaris
1392 520 1534 573 minimum
1558 519 1755 583 amministrat,

90 614 128 667 sit
146 614 244 668 carnelo
258 614 412 683 quantitate
426 611 545 680 corporis
560 607 663 662 animal
675 607 818 677 inaequale,
834 621 900 676 opus
949 630 1002 669 prm
1017 615 1114 668 donum
1128 614 1173 668 sed
1189 613 1281 667 dotatis
1298 611 1423 680 affectum
1433 611 1612 682 perpendens,
1627 608 1697 664 illud
1716 623 1756 662 re·

91 711 183 763 lamen
209 721 288 760 suum
307 707 412 759 toetrtel
439 702 568 766 8711117071,
600 703 656 754 iltis
680 699 712 733 ⁷²¹
738 700 839 753 77777778
858 714 901 753 ⁶⁰·
950 709 1144 777 ciperemapuo
1156 721 1206 777 pro
1220 720 1328 761 munere
1342 720 1395 760 tran
1407 710 1522 760 recusat.
1540 706 1630 773 tpitur
1644 718 1756 774 opuscu-

92 797 203 866 77177777·
215 795 337 862 0777777777
352 793 474 861 7777771777
482 806 573 845 77777777
583 787 900 855 777777777777777777777777
950 800 1015 866 lum,
1030 800 1096 855 almi
1121 803 1223 869 patres,
1247 800 1310 853 stilo
1328 803 1428 854 nostra
1454 798 1690 868 pusillanimitatis
1719 797 1756 851 ad

91 897 164 938 777777
175 883 296 953 1777777777
314 881 530 947 7777177777
552 893 640 945 777777,
656 879 688 932 777
706 876 813 931 77777777
826 877 901 930 7777·
949 889 1055 944 laudem
1064 891 1220 958 principum
1232 892 1257 942 et
1269 888 1368 957 patrios
1383 890 1481 942 nostra
1497 887 1642 957 pueriliter
1654 899 1755 941 cnara·

91 987 151 1025 runt
170 987 223 1040 per
236 986 263 1024 se
283 969 467 1024 laudabilium
482 967 609 1021 adhibtta
630 968 687 1020 sine
709 964 799 1029 laude,
812 964 854 1017 uel
871 965 901 1017 in
951 984 1007 1035 pum
1023 981 1155 1051 suscipiat
1175 984 1200 1033 ep
1214 983 1357 1034 commem
1367 979 1496 1034 excellens
1514 978 1547 1012 rar
1565 980 1711 1033 auctoritas
1731 981 1756 1033 ep

88 1076 126 1131 pr
127 1063 254 1117 acorrima
264 1061 473 1115 Israhelitaruru
491 1061 620 1113 7777777777
634 1060 691 1112 sine
704 1056 818 1123 1777777777
833 1068 902 1124 quo-
951 1073 1127 1128 beniaolentia
1137 1082 1231 1128 uestra
1244 1074 1340 1128 mentis
1355 1077 1489 1142 quatenus
1504 1072 1572 1128 Deus
1587 1074 1755 1142 orrtttipoteus

91 1170 152 1209 rum
174 1157 232 1209 aila
256 1153 415 1218 laudabilis,
439 1152 565 1220 7777777777
585 1149 787 1220 perspicabilis,
816 1162 901 1202 7777777
951 1162 1082 1217 bonorum
1098 1162 1286 1232 temporalium
1295 1166 1321 1217 et
1330 1161 1490 1216 eternorum
1503 1176 1549 1216 aas
1564 1161 1757 1232 amplificetim

90 1247 242 1313 imitabiles,
260 1246 423 1316 pradicatio
445 1244 588 1309 salutaris,
608 1257 722 1312 quorum
742 1239 777 1274 777
792 1241 901 1309 sapien-
949 1254 1101 1308 prementis,

90 1338 139 1405 tia,
166 1336 274 1404 bicipite
296 1334 477 1405 philosophia
495 1336 583 1388 monte
611 1331 745 1397 derivata,
767 1328 902 1395 condensa
1056 1342 1178 1413 poeppcp
1200 1343 1323 1412 epistota,
1337 1343 1590 1412 Μοίρι-,Ἥκω
1603 1342 1648 1400 ms·

91 1432 223 1486 solearum
250 1430 367 1487 Polouioe
382 1432 421 1485 sic
440 1431 575 1498 sapaciter
601 1427 752 1490 illustrant,
775 1441 808 1479 ne
820 1426 901 1494 prius
951 1432 1035 1489 N0bjs
1048 1440 1145 1502 astate,
1344 1433 1424 1489 nohis
1439 1434 1575 1506 hocopus
1590 1432 1719 1490 recitate!
1738 1483 1741 1503 ,

92 1526 228 1578 triticeum
242 1524 307 1594 {idei
321 1539 409 1579 semen
422 1526 452 1578 in
467 1528 567 1578 teram
580 1522 693 1576 humaret
711 1519 799 1574 cordis
811 1518 899 1573 incul-
950 1525 1002 1581 Per
1014 1541 1071 1591 vos,
1085 1526 1106 1580 si
1122 1525 1214 1592 trullis,
1343 1525 1606 1597 opusesttaudahile
1617 1525 1721 1581 multis,

91 1624 147 1675 tam
161 1623 304 1688 sparpant,
317 1619 398 1674 donec
414 1618 478 1672 itrde
490 1620 584 1687 spinas
599 1620 623 1671 et
639 1615 836 1671 tribulosaerbi
849 1613 897 1667 di·
949 1621 1009 1678 Non
1022 1622 1182 1688 estmirum,
1196 1637 1212 1676 a
1224 1621 1319 1678 labore
1333 1621 1358 1676 si
1374 1638 1471 1693 parurn
1482 1622 1648 1695 quievimus,

90 1716 149 1769 uini
177 1714 312 1781 lipouibus
334 1714 466 1768 radicitus
485 1716 632 1782 emanant,
653 1711 755 1767 similes
781 1713 898 1765 caislar-
941 1711 1069 1783 Tempus
1083 1717 1142 1767 eret
1155 1711 1317 1784 quiescendi
1337 1711 1383 1780 777,
1403 1718 1443 1769 tot
1461 1720 1550 1768 terras
1568 1712 1755 1780 transivimus,

90 1808 127 1859 tes
142 1804 177 1839 777
190 1806 291 1859 homint
306 1804 340 1838 777
357 1805 437 1876 patri
454 1803 589 1871 familias,
610 1804 707 1857 scienti
720 1801 753 1856 do
772 1801 898 1856 thesauro
948 1799 1042 1873 Neque
1057 1810 1179 1872 caeptum
1194 1801 1325 1857 iterbene
1339 1803 1479 1876 cognitum
1498 1803 1656 1869 habuimus,
1727 1795 1731 1804 ’

86 1898 210 1966 proferre
223 1912 293 1951 nova
305 1901 330 1952 et
344 1900 444 1961 uetera,
455 1896 496 1950 vel
506 1896 692 1959 Samaritano,
703 1894 842 1949 uulnerati
865 1891 900 1926 777
949 1893 1004 1949 Sed
1018 1910 1068 1965 per
1083 1895 1144 1950 illos
1164 1896 1211 1968 qni
1229 1902 1366 1952 noverunt
1378 1896 1508 1968 paulatim
1525 1896 1701 1969 inquirimus.

89 1985 188 2056 plapas
196 1987 326 2054 ollipouti
339 1988 487 2056 vinumque
496 1984 610 2054 desuper
624 1983 689 2037 ”tet
700 1983 788 2038 oleum
798 1982 899 2050 insuu-
949 1982 1118 2057 Exurgamns
1133 1983 1190 2056 jam
1219 1985 1253 2039 de
1280 1984 1315 2019 777
1337 1999 1465 2056 sompno,
1486 2001 1549 2041 nam
1570 1986 1636 2042 satis
1651 1985 1755 2042 dormi-

91 2076 185 2142 deuti;
201 2077 250 2146 qui
265 2077 384 2131 triticum
397 2089 501 2145 quoque
512 2075 645 2129 consonis
658 2071 775 2143 fideliter
787 2070 821 2105 777
841 2071 900 2125 dis·
1609 2080 1720 2152 pimus,

91 2169 218 2224 tribuunt
242 2169 280 2223 ad
303 2183 470 2234 mensuram,
504 2171 529 2222 et
555 2167 684 2222 talentum
712 2165 903 2240 non'abscottf
952 2171 1092 2228 Veturius
1099 2171 1155 2243 jam
1171 2170 1227 2227 diei
1241 2171 1312 2227 riam
1327 2171 1537 2244 inquisivimus3

90 2261 159 2314 dunt
174 2259 219 2326 777,
233 2259 279 2314 sed
290 2259 416 2314 dividunt
429 2258 466 2312 ad
479 2273 600 2312 reseram.
615 2256 668 2313 Sed
682 2271 730 2311 cnr
739 2259 830 2311 mutus
843 2257 903 2324 lari
953 2263 1007 2319 tlac
1025 2262 1133 2333 expleta
1146 2263 1181 2318 de
1197 2263 1287 2319 lutura
1302 2263 1369 2319 satis
1383 2263 1577 2339 cogitabimus.

89 2356 189 2409 nititur
208 2354 241 2409 de
265 2354 406 2421 facundis,
429 2353 471 2407 uel
494 2354 678 2422 inpetiipuer
689 2352 773 2420 parui
785 2367 834 2405 cur
852 2353 902 2406 im·
952 2350 1025 2406 [luce
1039 2351 1094 2406 Deo
1105 2366 1306 2424 prosequamur
1319 2352 1393 2425 quod
1408 2344 1636 2425 interposuimus,

89 2448 175 2518 plicat
188 2463 216 2502 se
230 2452 285 2503 tam
297 2447 444 2517 protendis
459 2446 493 2481 777
509 2449 524 2500 i
548 2448 647 2501 Pareat
661 2449 750 2500 tomen
768 2447 901 2514 ipnoran·
952 2443 1142 2501 Persolvamus
1155 2446 1230 2518 qued
1245 2447 1279 2482 777
1298 2446 1457 2521 frequenter
1470 2464 1553 2519 supra
1575 2447 1755 2517 titulavimus,

92 2541 147 2604 tice,
161 2543 257 2608 parcat
272 2543 296 2592 et
312 2538 503 2605 beniuolentia,
517 2540 612 2606 mapni
622 2541 717 2608 patres
734 2540 831 2591 uestra
843 2538 901 2593 dis·
953 2533 983 2592 Et
994 2537 1129 2594 addamus
1140 2539 1163 2593 si
1184 2539 1250 2611 quid
1264 2540 1346 2596 nimis
1359 2539 1395 2576 777
1413 2541 1574 2616 ignoranter
1586 2540 1716 2598 diximus.

587 2662 770 2746 INClPlT
805 2662 1061 2747 SECUNDUS
1092 2664 1274 2748 ntssnn„

172 2812 197 2865 1.
215 2812 299 2865 Tertii
310 2810 449 2866 Bolerlaat'
459 2811 549 2879 primo
562 2810 596 2865 de
609 2810 755 2865 nativitate
765 2809 809 2864 777.
910 2810 1049 2883 Cereavit
1077 2812 1131 2878 777,
1160 2828 1215 2868 una
1248 2829 1363 2886 quarum
1388 2813 1416 2869 in
1445 2814 1528 2871 Rusia
1554 2802 1754 2886 rire'nupsit‘,

123 2905 207 2961 Natus
231 2905 314 2978 igitur
329 2921 400 2975 puer
420 2903 581 2960 Bolezlavns
606 2904 634 2959 in
655 2904 700 2960 die
723 2903 793 2962 leste
808 2905 896 2961 sancti
946 2920 1002 2960 una
1015 2905 1050 2940 777
1064 2921 1129 2962 raro
1144 2923 1224 2962 snum
1238 2923 1317 2964 sacro
1332 2908 1468 2964 velamine
1484 2917 1566 2981 caput
1581 2911 1657 2974 texit,
1671 2927 1754 2969 unam

88 2997 218 3068 Stephani
233 2997 306 3070 regis
324 2996 375 3051 luit
388 2995 461 3068 (119)
483 2997 538 3068 (an.
557 2997 636 3062 11183,
661 3000 721 3052 Dec.
741 2997 797 3067 73).
812 2996 898 3068 Mater
946 3003 1039 3051 autern
1062 2996 1097 3031 777
1116 3013 1173 3052 snae
1197 2999 1288 3070 gentis
1301 2999 1412 3070 quidam
1429 3001 1480 3056 sibi
1496 3001 1629 3057 counivit.
1650 3002 1703 3058 Sed
1720 3020 1755 3060 ue

88 3090 147 3159 ejus
165 3104 230 3145 vero
245 3088 450 3160 subsequenter
478 3087 624 3154 infirmata,
651 3093 731 3143 nocte
747 3088 897 3144 [lominica
948 3085 1015 3139 tanti
1043 3086 1126 3156 pueri„
1150 3094 1291 3157 parentam
1318 3090 1394 3145 nudo
1416 3106 1545 3147 sermone
1572 3099 1754 3160 transeamus,

89 3176 237 3232 nativitatis
249 3175 381 3232 occubuit
395 3175 467 3246 (Dec.
482 3176 538 3244 75),
554 3175 618 3241 Quae
634 3176 733 3231 mulier
747 3176 774 3230 in
791 3192 895 3248 paupe·
946 3175 1039 3249 aliquo
1054 3193 1116 3232 eum
1130 3186 1293 3234 ornamento
1309 3180 1413 3236 militiae
1426 3181 1584 3238 vestiamus.
1602 3183 1688 3256 Igitur
1708 3185 1757 3241 Po-

89 3272 171 3321 rasel
184 3265 308 3337 captivos
320 3264 464 3320 antediem
482 3265 620 3336 praecipue
647 3265 689 3321 sui
703 3265 796 3320 obitus
810 3281 896 3336 opera
946 3262 1073 3319 lanarum
1089 3265 1142 3320 dux
1167 3266 1352 3323 wladizlavus
1378 3268 1563 3326 Romanorum
1591 3270 1752 3343 imperatori

88 3355 200 3427 pietatis
224 3353 382 3419 exercebat,
399 3362 426 3410 et
445 3356 545 3410 multos
564 3354 731 3410 christianos
755 3355 789 3410 de
809 3356 896 3410 servi·
946 3352 1065 3408 maritali
1080 3353 1220 3410 connuhio
1234 3357 1372 3422 counitus,
1387 3357 1422 3411 de
1444 3357 1622 3428 Pomaranis,
1642 3376 1755 3416 succur-

88 3445 307 3501 tuteludeorum
323 3442 380 3498 suis
392 3441 567 3509 sacularibus
581 3443 743 3500 redimebat.
763 3443 810 3499 llla
826 3459 896 3500 mor·
947 3440 1074 3496 rentibus
1088 3441 1156 3509 suis,
1176 3450 1294 3498 castrum
1313 3458 1409 3499 eornm
1427 3446 1582 3503 obsidendo
1596 3447 1754 3520 triumpha·

88 3545 145 3600 tua,
161 3531 346 3588 Wladizlavus
362 3532 427 3599 dux,
443 3531 509 3603 quia
523 3531 708 3607 hermogratis
721 3533 896 3608 agerquel⁸⁸
945 3529 984 3584 vit
1001 3529 1080 3600 1171),
1107 3544 1260 3604 eorumque
1274 3533 1475 3588 contumaciam
1491 3535 1549 3590 suis
1569 3535 1621 3591 sub
1637 3537 1755 3609 pedibus

89 3622 208 3695 pedihus
220 3627 288 3690 erat,
316 3630 344 3676 et
361 3629 442 3677 relate
456 3620 600 3693 parvulum
619 3621 653 3656 777
670 3621 800 3690 habebat,
817 3637 897 3678 soro·
946 3618 1136 3675 conculcando
1152 3619 1187 3654 777
1198 3619 1351 3688 annulavit,
1363 3621 1479 3695 eiusque
1489 3624 1611 3680 victoriae
1621 3626 1753 3699 gaudium

89 3730 146 3770 rem
161 3712 232 3783 (170)
249 3712 423 3784 imperatoris
446 3713 518 3770 tertii
547 3711 666 3780 ilenrici,
687 3727 799 3769 uxorem
820 3715 897 3785 prins
947 3713 995 3768 Ilei
1024 3713 1058 3749 777
1082 3713 1225 3788 genitricis
1240 3715 1392 3787 assumptio
1416 3718 1568 3792 generavit.
1599 3723 1656 3789 (au.
1676 3712 1753 3787 10711,

90 3792 245 3857 Salemonis
267 3799 393 3874 Ungariae
407 3801 490 3876 regis,
520 3800 549 3855 in
563 3800 765 3858 matrimonium
792 3802 827 3837 777
847 3803 896 3859 de·
946 3804 1020 3872 Aup.
1033 3802 1091 3874 15).
1112 3803 1217 3868 Quibus
1232 3803 1322 3869 victis,
1341 3805 1468 3862 civitates
1483 3822 1579 3864 eornm
1593 3814 1621 3864 et
1634 3809 1754 3865 munici-

88 3892 240 3963 sponsavit,
256 3892 290 3948 de
303 3909 358 3965 qna
371 3893 478 3949 nullum
503 3892 590 3950 lilium
604 3894 655 3950 sed
674 3902 730 3950 tres
745 3892 816 3951 filias
831 3911 896 3967 pro·
947 3896 993 3967 pia
1008 3896 1078 3952 inira
1089 3903 1188 3953 terram
1209 3904 1239 3953 et
1250 3897 1324 3954 cirea
1348 3893 1384 3934 777
1398 3897 1535 3956 maritima
1560 3900 1697 3981 violenter
1711 3919 1755 3972 ac·

762 3995 872 4050 VhlllAE
891 3994 1080 4052 cucurbitus,

123 4091 158 4128 777
173 4093 306 4149 verietate
320 4093 347 4148 7.
378 4093 413 4128 777
427 4093 519 4167 magni
533 4094 611 4149 addit
631 4093 842 4165 nqnoacamen
881 4097 969 4150 urtctis
983 4098 1131 4166 suppositis
1150 4100 1284 4166 tauquam
1302 4102 1586 4155 erroneumnotatum‘.
1621 4098 1750 4156 77711133-

89 4171 182 4220 rentur
202 4166 228 4219 1.
257 4165 284 4219 7.
332 4165 366 4199 777
383 4165 455 4221 deest
486 4168 511 4219 3.
564 4164 671 4221 mvita
698 4165 831 4222 laudabit.
857 4110 885 4220 7.
913 4182 1019 4222 erronee
1048 4170 1145 4237 repetit
1160 4169 1208 4223 sed
1236 4173 1345 4238 punctis
1367 4174 1481 4224 rcotaait.
1536 4169 1754 4298 terrerum}

87 4234 121 4271 777
138 4237 281 4291 hominurn
304 4235 329 4290 1.
363 4236 389 4290 3.
430 4235 626 4291 '¹²⁶vulnerato
652 4237 678 4291 3.
719 4237 812 4292 777ἀοί
832 4253 915 4307 super
939 4238 967 4294 3.
983 4246 1010 4293 et
1037 4238 1133 4294 aleurn
1154 4238 1222 4294 (lesu
1244 4254 1337 4309 erpro
1363 4238 1390 4295 d.
1408 4256 1433 4294 e.
1455 4254 1481 4295 o.
1504 4241 1531 4294 7.
1567 4240 1709 4300 ”tomeun
1746 4285 1752 4298 .

88 4306 122 4342 777
142 4307 317 4363 absconditi
375 4306 468 4361 muel
487 4306 593 4412 ingenii
614 4324 675 4380 p.p
709 4308 766 4363 ei
797 4324 819 4364 s.
835 4315 853 4364 t.
871 4307 1018 4379 profundis
1032 4313 1135 4366 omittit
1148 4310 1173 4364 3.
1229 4310 1252 4344 ³⁰
1266 4309 1334 4365 libet
1351 4326 1460 4365 erronee
1476 4312 1516 4366 bis
1534 4315 1631 4381 repetit
1645 4312 1673 4367 7.
1718 4313 1752 4350 777

88 4379 264 4434 commendat
282 4378 417 4435 extollens
432 4377 458 4434 3.
493 4377 516 4412 77
542 4378 711 4455 epilogus3.
743 4379 1754 4454 ⁷³³proNonestmirum-quieseendi;Nouestalaboresiparum

88 4453 136 4504 etc.
158 4449 184 4506 3.
227 4451 329 4504 77783.
378 4451 412 4485 777
432 4449 479 4522 qui
500 4448 612 4505 1.7.3.
650 4450 838 4506 mminusi.
879 4451 913 4485 777
930 4469 955 4523 p.
978 4451 1048 4508 d.n.
1063 4454 1164 4508 omittit
1177 4452 1203 4508 3.
1244 4452 1278 4486 777
1291 4450 1448 4523 debilisque
1461 4452 1488 4508 3.
1534 4452 1752 4525 ⁷³⁹parvulus1.

88 4520 114 4575 7.
131 4521 157 4577 3.
173 4523 364 4591 mranee;lepe
378 4521 521 4592 parvulam
541 4522 600 4576 scil.
617 4521 714 4590 tilium.
750 4521 785 4556 777
802 4521 820 4577 i.
837 4539 873 4576 m.
890 4525 991 4578 omittit
1005 4524 1030 4578 3.
1064 4524 1096 4558 777
1112 4522 1255 4596 generavit
1268 4522 1294 4577 3.
1326 4523 1361 4557 777
1379 4522 1501 4580 altered.
1539 4524 1755 4584 ⁷⁵³terciavero

88 4607 207 4662 prona
234 4593 259 4649 3.
305 4593 456 4648 teanum
476 4593 499 4647 1.
516 4592 544 4646 7.
581 4591 761 4649 77οωί17113.
803 4593 1029 4650 777αοοννεοεονε
1047 4595 1175 4651 additum
1192 4595 1220 4649 7.
1235 4596 1336 4651 omittit
1350 4593 1379 4650 3.

865 4691 971 4751 NOTAE.

90 4791 118 4846 S.
133 4789 231 4864 AEgidii
246 4788 397 4871 construxit
420 4787 525 4871 dotavit
547 4804 590 4848 uc.
620 4795 649 4844 ut
663 4796 777 4861 apparet
798 4795 935 4872 er'ce-l)
967 4790 1067 4873 hiensi.
1083 4791 1122 4846 Ct.
1135 4792 1188 4847 llel.
1206 4791 1240 4847 bl.
1261 4790 1410 4863 Compend.
1427 4792 1514 4867 linng.
1526 4794 1752 4870 geographicnm,

90 4862 151 4916 dice
181 4861 364 4926 Clodavrensr,
389 4877 435 4932 qur
472 4877 498 4914 m
526 4805 615 4915 pionte
641 4877 694 4935 pag
726 4860 770 4926 36,
791 4861 840 4916 ubr
867 4877 895 4915 vn
948 4808 1152 4927 iosontrl'l'l'h
1169 4881 1194 4934 p.
1210 4864 1269 4919 178.
1283 4864 1310 4919 S.

90 4933 225 4988 Chronico
247 4931 399 5005 boguphali
420 4931 455 4986 de
477 4931 626 4987 Wladislao
647 4948 738 4988 sermo
766 4933 895 4999 occurrit,
983 4934 1056 5005 (tint
1077 4934 1171 4989 Errare
1184 4934 1309 4990 videtur:
1329 4935 1389 4991 dies
1405 4935 1537 5007 Stephani
1556 4951 1584 4992 re
1606 4936 1628 4992 is
1643 4942 1702 4992 erat
1717 4937 1752 4992 70

90 5006 147 5060 haec
170 5003 263 5070 habet,
290 5019 371 5058 mann
396 5019 430 5057 xv
453 5003 547 5058 smcnli
568 5003 684 5074 scripta:
713 5005 765 5059 iste
788 5004 896 5060 Wladi-
946 5007 1027 5077 bug..
1051 5005 1183 5077 Stephani
1200 5007 1460 5080 protomartyrisib
1490 5009 1554 5063 Dec.
1593 5022 1695 5075 osmas,
1723 5024 1753 5077 rr,

87 5079 161 5131 stares
176 5080 205 5130 in
221 5076 348 5130 honorem
363 5074 434 5128 beati
449 5075 545 5142 Epidii
555 5075 658 5130 dotauit
673 5080 698 5130 ct
711 5075 843 5142 fundauit
855 5090 897 5130 ec·
946 5076 990 5139 36,
1007 5083 1097 5131 narrat
1115 5076 1255 5134 luditham
1279 5079 1315 5136 73
1340 5079 1403 5135 bec.
1427 5078 1579 5151 peperisse,
1595 5087 1623 5135 et
1637 5079 1673 5135 25
1689 5079 1752 5135 bec.

86 5150 195 5204 rlesurm
216 5145 402 5217 parochialem
424 5148 453 5200 iu
482 5146 621 5210 Gwduwa,
652 5148 789 5202 ecclesiam
813 5147 895 5201 colle·
946 5147 1060 5204 obiisse.
1079 5147 1109 5203 ll.

87 5225 191 5288 piatam
205 5220 234 5272 in
248 5218 374 5273 honorem
395 5216 467 5273 beati
479 5217 574 5285 Epidii
600 5219 629 5270 in
650 5218 790 5284 l'racocia,
812 5218 897 5273 aliam
982 5217 1058 5291 (171))
1076 5219 1142 5275 item
1157 5220 1306 5276 luditham.
1323 5222 1352 5277 v.

86 5291 300 5358 collopiatamin
327 5288 467 5353 Lancicia,
484 5287 667 5357 parochialem
687 5290 715 5343 in
740 5289 857 5358 drobpa,
873 5294 898 5344 et
982 5290 1056 5361 (171,
1086 5292 1206 5348 Annales
1233 5292 1399 5349 Polonorum
1430 5291 1627 5349 Cracovienses
1657 5292 1756 5351 inediti

86 5363 157 5418 alias
171 5362 265 5430 plures
279 5361 310 5413 in
325 5359 450 5415 honorem
471 5359 543 5414 beati
557 5360 653 5427 Epidii
667 5361 838 5428 confessoris,
861 5361 899 5415 ad
967 5361 1072 5416 raetium
1095 5361 1148 5419 hoc
1170 5363 1223 5419 sub
1241 5380 1314 5421 atino
1337 5362 1405 5419 1090
1429 5370 1544 5434 ponunt,
1575 5363 1666 5420 locum
1691 5380 1756 5422 vero

87 5434 165 5560 egrius
175 5429 898 5557 ρνεοθειῖιιέὁιῗξἐὶἱιιῶι.ἅΕοᾴῑοἛὺῗιῖῃΞῐοῃτεὸεῑῶψέιῂ
946 5378 1070 5559 {egelggn
1086 5434 1255 5562 appellabat}1
1264 5435 1429 5563 ¹¹⁰d⁵⁰r¹¹¹¹ff
1458 5435 1609 5562 ut·Vi}⁰²¹1¹qr
1624 5436 1756 5564 Psagparv,

87 5520 162 5560 sans
190 5518 236 5558 rex
289 5517 306 5556 u
378 5517 386 5554 ι
474 5517 556 5556 narr
650 5518 687 5556 ar
773 5545 778 5557 .
830 5520 857 5575 gr
879 5520 898 5558 n
970 5519 1023 5560 eso
1059 5520 1170 5576 ,prope
1212 5523 1236 5561 ιι
1290 5522 1378 5574 rnecz,
1422 5521 1517 5563 esertr.
1553 5546 1561 5564 .
1603 5523 1760 5564 eoenrores

87 5577 150 5633 ord.
173 5575 199 5630 S.
224 5517 367 5630 Benediiti
392 5570 420 5626 in
441 5572 577 5648 ttungaria
599 5572 627 5626 in
655 5572 786 5629 comitatu
810 5573 898 5629 Semi·
948 5573 1002 5631 hoe
1016 5590 1090 5632 anno
1106 5576 1171 5634 1091
1192 5524 1293 5634 iacturis
1308 5593 1369 5634 esse
1387 5585 1497 5649 putant.
1512 5579 1543 5635 lt.
