3720 6014
83 199 138 260 alb
719 199 894 258 CllllONltlAE
913 201 1122 259 Potouonuu.
1709 205 1765 263 916

87 325 246 382 christianis
268 323 306 395 ibi
332 323 444 403 quidam
477 326 523 360 ¹⁸⁸⁰
546 325 626 396 probi
654 325 758 383 milites
781 326 893 391 cadunt,
905 328 1069 403 Astigatus.
1084 329 1219 403 zbigneus
1240 345 1352 402 quoque
1376 345 1507 386 caesarem
1532 330 1631 387 iratum
1652 347 1690 386 ex
1707 331 1764 386 boc

87 430 256 490 paganorum
272 430 338 471 vero
349 415 385 472 de
397 415 432 471 tn
447 416 561 473 milibus
574 417 671 475 decem
689 417 765 474 milia
775 419 820 475 uix
834 434 895 474 eva·
945 419 1031 475 multo
1051 419 1138 492 magis
1152 420 1294 486 incitabat,
1308 421 1372 493 quia
1393 436 1496 492 pancos
1513 422 1547 478 de
1572 421 1691 478 Polonie
1706 422 1766 477 sibi

49 517 53 526 ·
88 509 166 564 dunt.
184 507 280 564 Testor
307 506 404 576 ileum,
433 522 487 579 ope
509 510 599 583 eujus,
617 517 798 583 sanctumque
824 511 895 567 luu-
946 509 1075 566 resistere
1088 510 1274 582 promittebat.
1291 511 1407 583 insuper
1426 512 1507 567 etiarn
1523 512 1650 578 bohemi,
1666 511 1766 568 vivere

87 600 220 665 rentium,
241 614 323 673 prece
348 601 426 669 cujus
454 599 625 659 iaetaluerit
654 602 696 636 ¹⁸¹¹
720 603 773 658 ista
792 604 894 667 caedes,
946 599 1048 671 pradis
1061 607 1088 655 et
1103 599 1208 671 rapinis
1222 600 1335 666 assueti,
1351 614 1481 654 caesarem
1493 598 1635 655 Poloniam
1652 598 1765 654 intrare

88 692 297 749 admirabantur
309 692 356 766 qui
373 692 499 760 aderant,
513 694 653 768 quomodo
668 695 714 730 ¹⁸¹¹
728 702 784 751 tam
801 695 894 752 subito
945 695 1116 762 animabant,
1133 695 1199 768 quia
1218 710 1247 749 se
1263 694 1334 750 seire
1347 695 1406 749 vias
1427 702 1455 749 et
1468 695 1594 751 tramites
1609 710 1662 765 per
1677 694 1765 750 sileas

88 783 264 840 amiliuuns
282 785 376 842 minus
399 784 474 840 mille
506 791 618 856 peracta
643 784 727 842 inerit
748 785 794 820 ¹⁸³¹
820 793 896 842 tanta
946 787 1067 844 Poloniae
1079 787 1244 856 jactitabant
1264 787 1319 841 ¹⁸¹¹.
1336 785 1425 841 Caesar
1438 801 1505 860 erqo
1530 785 1631 842 talibus
1644 785 1766 841 monitis

89 875 368 950 straqea(an.lldil.l
380 876 592 933 llieuntuaenim
605 877 656 948 ipsi
669 877 896 934 Pomorauieerto
947 884 975 932 et
1000 876 1124 932 consiliis
1139 875 1288 947 superandi
1313 875 1513 931 ¹⁸⁵¹Poloniam
1542 875 1570 929 in
1594 891 1675 946 spem
1707 875 1764 930 du-

91 983 206 1024 numero
220 975 396 1040 computasse
409 969 445 1024 de
457 969 516 1024 suis
531 969 567 1025 ibi
598 970 632 1026 27
657 970 732 1026 milia
746 971 894 1039 corruisse,
948 979 1018 1040 etus,
1034 971 1206 1046 ingrediens,
1226 973 1379 1043 Bytomque
1393 973 1571 1044 perveniens,
1587 972 1616 1025 in
1631 970 1690 1025 hiis
1704 986 1765 1026 om·

90 1060 372 1134 quodinpaludibus
394 1061 568 1130 interessent,
586 1078 637 1118 nee
659 1062 697 1118 illi
728 1063 897 1135 quidemsic
947 1062 1029 1117 nibus
1059 1069 1100 1117 est
1118 1061 1251 1117 seductus
1284 1062 1338 1116 ¹⁸⁵¹.
1367 1062 1491 1133 Namque
1518 1072 1639 1117 castrum
1667 1061 1765 1132 Bytom

92 1151 210 1205 euadere
226 1150 388 1222 potuissent.
409 1151 544 1223 Oppidani
565 1168 630 1208 uero
648 1152 775 1208 videntes
801 1169 831 1209 se
852 1163 895 1210 to·
947 1152 988 1206 sic
1016 1159 1148 1208 armatum
1175 1151 1270 1222 sicque
1301 1151 1441 1205 reunitum
1467 1151 1583 1222 aspexit,
1607 1149 1685 1222 quod
1719 1150 1766 1184 ¹⁸¹⁸

93 1250 146 1294 tarn
174 1241 217 1275 ¹⁸¹⁸
232 1257 309 1312 spem
326 1241 462 1308 amisisse,
483 1258 534 1298 uec
547 1244 679 1299 auxilium
696 1244 809 1300 aliunde
825 1246 866 1300 uel
882 1262 897 1298 a
947 1243 1150 1316 Zbigneum¹⁸¹¹
1165 1243 1250 1298 iratus
1265 1243 1428 1298 cumuerbis
1443 1243 1645 1318 indignationis
1661 1257 1763 1312 respe-

93 1330 218 1402 quolibet
233 1338 404 1402 exspectare,
420 1332 558 1388 ciuitatem
577 1333 633 1389 uita
651 1334 753 1390 donata
767 1335 898 1391 reddide·
948 1337 985 1392 xit
998 1336 1052 1402 ¹⁸¹¹,
1075 1336 1215 1404 Zbipneae,
1242 1351 1329 1391 caesar
1356 1335 1446 1407 inquit
1469 1335 1526 1401 ¹⁸¹¹,
1548 1338 1588 1390 sie
1614 1339 1639 1389 te
1671 1335 1768 1390 Pataui

94 1430 166 1476 runt.
196 1421 452 1477 Audientesautern
480 1423 539 1478 lime
560 1423 595 1477 de
624 1438 671 1478 sex
699 1424 759 1478 aliis
779 1425 898 1480 castellis
945 1428 1766 1501 predeminoreeopuoseuntisiotratrem¹¹¹¹relinquera,

92 1512 225 1584 oppidani
241 1512 296 1578 ¹¹⁸³,
308 1511 454 1567 consilium
465 1511 559 1567 itidem
573 1513 619 1548 ¹⁸¹¹
633 1513 765 1583 inierunt,
779 1531 809 1570 se
824 1516 899 1587 ipsos
948 1524 1073 1589 tuumque
1088 1519 1234 1573 dominium
1252 1521 1290 1572 sic
1304 1519 1475 1588 depascunt?
1496 1515 1622 1588 Cumque
1638 1524 1763 1571 castrum

94 1604 222 1660 videlieet
238 1603 462 1675 munitionesque
478 1605 660 1661 tradiderunt.
949 1612 1043 1684 Bytom
1066 1612 1219 1667 munitione
1240 1611 1350 1683 situque
1378 1611 1424 1645 ¹⁸¹¹
1444 1617 1548 1665 naturae
1571 1616 1601 1665 et
1622 1625 1760 1681 aquarum

147 1694 840 1768 2.Er=istetaimperateriaaurenmantemnam.
911 1688 1110 1763 Beircuitione
1138 1705 1352 1780 inexpugnabile
1376 1722 1438 1760 curn
1472 1704 1587 1760 aciebus
1623 1703 1765 1760 ordinatis

130 1787 197 1842 bum
221 1786 412 1861 lraecaguntur
432 1785 488 1851 ¹⁸⁸¹,
504 1786 637 1843 llenrieus
655 1787 806 1860 imperator
820 1807 901 1863 quar·
952 1796 1091 1868 praeterire
1111 1795 1255 1862 voluisset,
1275 1794 1386 1865 quidam
1403 1795 1437 1849 de
1458 1793 1516 1849 suis
1543 1792 1641 1848 lamosi
1662 1793 1769 1848 milites

98 1892 141 1938 tus
164 1885 259 1940 Renum
286 1882 410 1938 nondum
438 1890 609 1953 coronatos,
636 1886 760 1943 secundo
788 1887 900 1958 quidem
952 1886 986 1940 ad
1003 1893 1121 1942 castrum
1143 1883 1360 1949 declinaverunt,
1381 1883 1507 1938 retentes
1526 1881 1553 1934 in
1574 1879 1694 1936 Poloniu
1723 1877 1769 1912 ¹⁸⁶¹

97 1993 171 2033 arina
197 1976 373 2032 coronandus
400 1976 484 2046 (165),
504 1992 565 2032 enm
591 1977 682 2034 uerbis
708 1978 900 2048 hujuscemodi
954 1991 1031 2032 suam
1052 1974 1176 2029 militiam
1192 1972 1372 2043 comprobare
1390 1974 1433 2008 ¹⁸¹¹
1453 1972 1580 2043 viresque
1600 1969 1769 2026 Polonorum

99 2065 240 2122 uotezlaro
265 2064 430 2139 legationem
449 2065 595 2137 praemisit,
619 2082 680 2122 eum
705 2069 828 2126 exercitu
844 2070 905 2127 uio-
956 2079 983 2126 et
1010 2069 1152 2125 audaciam
1177 2066 1308 2138 experiri.
1338 2067 1370 2120 llt
1396 2073 1491 2120 eontra
1510 2061 1657 2118 castellani
1682 2060 1772 2132 portis

99 2157 166 2213 lenti
191 2155 332 2214 Polouiam
349 2155 509 2213 inuasurus:
536 2158 679 2228 lndipnam
703 2167 742 2216 est
768 2164 839 2217 enim
860 2164 905 2197 ¹⁸¹¹
955 2163 1058 2234 apertis
1073 2170 1101 2216 et
1115 2159 1243 2214 extractis
1258 2157 1371 2214 ensibus
1388 2156 1524 2222 exierunt,
1544 2170 1596 2209 nee
1616 2152 1772 2208 multitudi-

100 2255 257 2326 imperattri
277 2253 433 2325 lepidaeque
451 2256 579 2310 Rmnauis
595 2256 742 2311 imbibitum
758 2256 813 2326 ¹⁸¹¹,
840 2262 906 2328 praes
959 2273 1022 2313 nem
1035 2265 1088 2313 tam
1104 2255 1276 2310 diuersarum
1291 2253 1414 2327 gentium
1430 2250 1625 2320 neeimpetum
1641 2248 1772 2303 Aleman-

99 2348 183 2403 bostis
206 2347 410 2418 presertimque
426 2345 472 2402 sui
489 2345 586 2401 militia
608 2348 689 2416 prius
711 2346 757 2382 ¹⁸⁸¹
772 2349 909 2404 hostiliter
959 2365 1057 2405 norum
1077 2344 1445 2418 neepraesentiameaesaris
1475 2347 1641 2407 metuentes,
1670 2340 1721 2395 sed
1742 2341 1770 2394 in

100 2440 223 2506 introire,
242 2450 325 2507 quum
343 2451 402 2491 eum
425 2437 564 2492 somniari
581 2438 614 2491 de
633 2453 711 2508 puae,
739 2441 765 2493 si
791 2440 905 2495 calamit
959 2441 1096 2498 luentibus
1115 2440 1175 2509 ejus
1189 2439 1234 2474 ¹⁸¹¹
1249 2439 1379 2494 audacter
1400 2452 1432 2491 ac
1450 2435 1566 2491 uiriliter
1585 2435 1764 2490 resistentes.

99 2530 218 2593 obedire,
231 2528 273 2583 uel
295 2528 329 2584 de
341 2527 417 2594 betto,
430 2529 456 2582 si
469 2529 600 2585 restiterit
619 2528 675 2599 ¹⁸⁸¹,
698 2535 728 2585 ut
747 2545 775 2585 se
786 2547 905 2601 praeruu·
956 2531 1034 2596 Quod
1047 2529 1226 2587 considerans
1244 2527 1402 2597 imperator,
1422 2524 1604 2579 vehementer
1619 2528 1665 2577 est
1681 2522 1766 2576 mira·

100 2620 171 2674 uiuet
193 2616 248 2671 ¹⁸⁸¹.
276 2618 444 2687 Quapropter
461 2620 509 2673 eut
532 2623 634 2688 opertet
654 2625 679 2674 te
700 2622 816 2687 fratrem
831 2625 906 2676 tuum
956 2632 1010 2690 tus,
1040 2621 1168 2679 homines
1189 2619 1295 2674 seilicet
1318 2617 1363 2652 ¹⁸⁸¹
1392 2616 1483 2671 nudos
1501 2621 1596 2670 eontra
1621 2613 1772 2685 clipeatos,

102 2711 131 2763 in
144 2709 223 2778 meni
231 2707 399 2764 medietatem
414 2706 597 2777 ¹⁸⁸¹recipera,
607 2709 787 2781 mitiquebou
802 2725 908 2766 mareas
958 2713 1000 2768 sel
1015 2712 1149 2783 clipeatos
1170 2709 1215 2743 ¹⁸¹⁸
1235 2712 1331 2763 eontra
1346 2705 1474 2761 loricatos
1493 2703 1575 2758 nudis
1590 2701 1709 2757 ensibus
1724 2703 1775 2758 de-

102 2799 244 2855 ttatttuatim
266 2797 427 2852 tributarias
453 2795 495 2851 vel
513 2797 622 2852 tolidem
636 2800 734 2854 milites
752 2802 783 2854 iu
796 2800 909 2870 capedi-
962 2811 1079 2869 eertare‚
1096 2808 1122 2857 et
1137 2809 1191 2856 tarn
1211 2797 1338 2854 alacriter
1352 2795 1385 2851 ad
1411 2811 1532 2870 pugnam
1548 2794 1631 2849 velud
1646 2794 1683 2849 ad
1699 2809 1772 2864 epu·

103 2898 200 2952 tionem
220 2894 488 2963 saracenicam,
512 2894 538 2948 si
558 2894 641 2961 aulea
663 2909 724 2951 ense
754 2896 911 2951 Petonorum
963 2892 1003 2946 las
1031 2903 1188 2961 properare.
1211 2887 1285 2941 Tune
1313 2884 1392 2957 quasi
1416 2898 1527 2939 suorum
1557 2883 1770 2954 praesumptioni

103 2999 212 3054 regnum
231 2982 361 3039 dirimere,
376 2981 416 3037 Ad
429 2981 490 3036 haee
508 2979 668 3036 Bolezlavns
681 2980 735 3036 dux
750 2983 912 3054 septentrio
962 2978 1079 3034 militum
1103 2977 1261 3052 indignans,
1283 2989 1348 3029 suos
1376 2972 1530 3028 balistarios
1557 2982 1585 3027 et
1614 2971 1777 3047 sagittarios

105 3075 176 3132 italis
191 3072 347 3148 respondit:
375 3075 407 3131 si
427 3074 571 3145 pecuniam
591 3078 712 3130 uestrum
733 3077 774 3131 eet
799 3077 911 3134 Pozenos
944 3071 1026 3126 'illuc
1039 3069 1124 3136 misit,
1138 3083 1254 3140 quorum
1269 3073 1373 3122 terrore
1394 3064 1537 3119 castellani
1558 3063 1649 3119 saltim
1665 3064 1708 3118 sic
1725 3080 1774 3119 ce·

106 3169 266 3238 mititespro
284 3165 385 3223 tributo
406 3167 537 3237 requiris,
563 3168 588 3221 si
618 3167 768 3224 libertatem
789 3180 912 3226 nostrum
962 3165 1060 3220 derent
1074 3169 1102 3218 et
1120 3161 1147 3217 in
1164 3167 1281 3216 castrum
1296 3174 1358 3214 sese
1377 3156 1535 3227 reciperent
1554 3156 1609 3209 ¹⁸¹⁵.
1625 3157 1659 3211 .lt
1674 3155 1776 3211 Peleoi

103 3275 155 3316 aon
173 3259 352 3329 ostendimus,
364 3274 417 3330 pro
430 3260 541 3327 feminis
555 3275 603 3316 nos
629 3260 774 3318 babeamus
789 3262 844 3330 ¹⁸⁸⁸,
859 3280 912 3320 iren
962 3259 1019 3332 pila
1032 3257 1074 3313 uel
1097 3256 1209 3328 sagittas
1233 3269 1294 3326 qun
1311 3253 1356 3287 ¹⁸¹¹
1371 3250 1494 3323 undique
1519 3250 1672 3306 volitabant
1692 3251 1775 3322 quasi

103 3354 393 3429 praenunciatum
406 3367 468 3408 uere
481 3334 640 3407 seditiosum
652 3353 777 3422 recipere,
791 3355 832 3409 eet
846 3357 911 3410 ant·
963 3348 1053 3403 niuem
1074 3345 1116 3402 vel
1129 3352 1220 3420 guttas
1235 3342 1334 3415 pluviae
1350 3339 1557 3411 computabant.
1577 3339 1615 3392 llri
1630 3354 1696 3394 vero
1719 3356 1777 3395 eae·

102 3463 162 3503 eum
185 3444 304 3501 ¹⁸⁸¹eum
322 3458 351 3499 eo
373 3456 486 3512 requam
504 3441 705 3502 diuiderenm
725 3458 765 3498 nte
785 3446 912 3512 capetul-
961 3455 1005 3494 sar
1029 3437 1149 3509 primum
1178 3433 1344 3490 Polonorum
1381 3430 1522 3485 audaciam
1570 3429 1778 3499 comprobavit,

103 3543 155 3597 tius
169 3537 299 3596 alateum
317 3537 468 3607 potestatis,
484 3535 540 3590 nisi
552 3548 671 3590 meatum
690 3549 827 3590 commune
848 3552 912 3591 eon-
962 3534 1100 3606 quiasuos
1114 3527 1179 3586 inde
1194 3535 1308 3584 cunctos
1319 3541 1374 3580 non
1391 3523 1546 3581 incolumes
1562 3523 1704 3579 reuocauit
1721 3522 1778 3579 ¹⁸¹¹.

101 3637 234 3693 siliumet
251 3630 605 3700 arturiummaeprepria
629 3629 788 3685 uoluntatis.
810 3631 913 3698 Quodsi
961 3625 1147 3680 Nuneautem
1172 3619 1316 3692 paulisper
1335 3612 1596 3685 causaremspatiari
1613 3628 1665 3683 per
1695 3611 1780 3669 siluas

102 3728 227 3792 bonitate,
251 3737 306 3780 nou
329 3722 471 3789 ferocitate
482 3721 626 3791 pecuniam
643 3719 685 3774 uel
697 3720 797 3774 milites
813 3721 841 3774 ia
862 3736 912 3775 au·
961 3715 1083 3772 Peloniae
1108 3711 1310 3785 permittamus,
1326 3709 1415 3763 donee
1444 3706 1591 3760 draconem
1619 3703 1780 3760 llarnmiuo·

102 3819 203 3875 attium
215 3818 342 3873 mmaaoe
355 3813 466 3868 embola
481 3811 657 3882 postulasses,
674 3827 728 3867 neri
747 3815 838 3868 minna
859 3829 910 3868 uu·
965 3821 1038 3860 mum
1054 3805 1089 3859 de
1106 3800 1268 3859 Pomoruuia
1286 3799 1459 3854 reducamus.

103 3906 169 3961 attii
181 3903 222 3959 oei
236 3901 345 3958 consilii
355 3901 453 3968 {oreon
465 3898 540 3969 opud
552 3914 599 3954 uos
614 3915 697 3970 quam
711 3903 752 3955 tui
767 3906 913 3957 antecesso-
1125 3893 1149 3945 l.
1166 3890 1319 3946 llolesleous
1332 3891 1416 3957 porat
1432 3886 1535 3941 Bellum
1549 3885 1607 3934 ¹⁸¹¹.

104 3995 231 4067 resapud
243 3997 348 4050 nostros
357 3993 528 4062 impetrasses
553 3990 608 4046 ²⁸⁸¹.
624 3993 697 4061 Erpa
709 3993 854 4061 prouidens
868 3996 913 4048 eni
999 3987 1065 4056 (dar.
1085 3981 1171 4052 1109.)
1190 3981 1275 4056 lgitur
1289 3978 1407 4053 impiger
1421 3975 1583 4032 bolezlavus
1598 3974 1626 4027 in
1643 3974 1779 4030 Pomoru-

102 4088 231 4157 mimsris,
245 4083 342 4140 mnam
356 4080 485 4146 inuenies,
506 4079 654 4135 sibeltam's
675 4079 730 4136 ¹⁸⁸¹.
961 4079 1006 4132 nia
1020 4083 1150 4147 snperato
1170 4071 1270 4144 prelio
1295 4069 1465 4141 supradicto,
1485 4074 1651 4137 septemque
1671 4068 1777 4121 castel-

258 4175 285 4236 3.
296 4175 431 4233 Bellicum
443 4173 559 4231 ilenrico
572 4173 682 4229 initium
697 4173 752 4228 ¹⁸⁸¹.
959 4170 993 4224 lis
1012 4165 1162 4238 acquisitis,
1191 4163 1350 4234 auditopro
1370 4168 1456 4226 certo,
1479 4160 1552 4231 quod
1572 4173 1659 4214 eaesar
1688 4157 1776 4212 Polo-

139 4272 245 4344 Exque
267 4263 452 4338 responsione
466 4277 552 4318 caesar
566 4261 731 4334 pernimium
746 4264 780 4319 ad
797 4265 909 4320 iracun.
963 4257 1035 4311 niam
1052 4253 1200 4313 introisset,
1217 4251 1281 4305 uiris
1295 4260 1322 4305 et
1336 4249 1417 4320 equis
1437 4247 1599 4304 obsessione
1612 4245 1723 4301 diutina
1741 4246 1778 4299 la-

104 4363 178 4420 diom
201 4363 375 4433 provocatus,
407 4353 470 4412 talia
499 4360 591 4410 mente
609 4353 741 4424 concipit,
771 4356 909 4428 talemque
962 4348 1065 4423 tignus,
1080 4342 1245 4417 quibusdam
1260 4342 1377 4396 rnilitum
1398 4338 1582 4410 interemptis,
1604 4336 1778 4409 quibusdam

104 4456 175 4511 uiam
201 4451 309 4524 incipit,
328 4447 403 4506 uude
422 4446 467 4482 ¹⁸⁸¹
481 4460 536 4504 uon
564 4445 660 4513 exibit,
681 4462 773 4519 neque
795 4447 906 4510 redibit,
961 4442 1043 4498 etiam
1064 4438 1207 4500 sauciatis,
1222 4437 1339 4507 aliisque
1360 4435 1472 4491 domum
1496 4450 1556 4488 curu
1583 4432 1624 4487 eis
1640 4431 1778 4496 dimissis,

107 4546 159 4603 nisi
178 4561 209 4603 se
224 4545 286 4616 ipso
300 4555 408 4614 suoque
433 4540 554 4611 dampno
574 4554 655 4611 quarn
669 4539 789 4596 inaximo
804 4539 849 4574 ¹¹³⁰
861 4556 907 4596 cu·
959 4555 1019 4594 cum
1036 4537 1138 4609 quibus
1163 4535 1251 4606 potuit
1265 4531 1408 4604 equitavit,
1430 4539 1460 4584 et
1482 4529 1629 4584 obstruere
1645 4529 1780 4583 transitus

775 4669 885 4724 vunlAE
904 4667 1092 4726 luculentus.

146 4779 315 4836 ¹⁸¹⁰aan3.
361 4775 509 4830 ¹¹¹¹lrnt3.
552 4776 595 4809 ¹⁸¹¹
615 4791 725 4856 quoque
741 4776 768 4829 3.
816 4775 1050 4846 ¹⁸³³peraetiluit
1076 4774 1146 4830 urai.
1170 4773 1237 4841 pb.
1272 4768 1481 4821 ¹¹³¹⁸sirrulrlit3
1531 4764 1780 4834 ¹¹¹¹quirlamilxi·

109 4848 204 4909 aena
259 4849 305 4885 ¹⁸¹¹
318 4849 389 4905 deest
403 4848 429 4902 3.
467 4846 511 4881 ¹⁸³¹
526 4845 591 4900 Cum
608 4846 659 4903 laec
675 4857 712 4900 tta
746 4794 1087 4917 οωηιυτρνο11111
1117 4841 1280 4897 eudemus.
1331 4841 1375 4872 ¹⁸³¹
1396 4836 1562 4907 prolribituru
1581 4835 1605 4891 3.
1647 4835 1780 4916 ¹⁸⁸⁰deast

107 4925 124 4978 3
160 4919 391 4981 ¹⁸⁸¹resistetit2.
426 4918 471 4952 ¹⁸¹¹
485 4917 644 4987 premunire
659 4916 687 4971 2.
703 4863 793 4975 idem
813 4919 972 4987 prenruuire
989 4917 1012 4972 3.
1050 4918 1095 4951 ¹⁸⁸¹
1110 4913 1259 4969 rnmlietute
1272 4912 1298 4964 ⁸2.
1314 4910 1339 4965 3.
1381 4910 1424 4942 ¹⁸⁸⁸
1440 4908 1541 4962 trabeas
1554 4910 1580 4961 3.
1623 4907 1776 4989 ¹⁸⁸⁰·unnm

108 4994 132 5052 3.
195 4992 241 5031 ¹⁸⁸¹
254 4990 418 5065 impetrares
440 4989 467 5046 3.
491 4989 519 5044 3.
572 4986 736 5044 ¹⁸⁸¹bellatis
762 5004 817 5044 nara
845 4989 957 5045 reciet
1027 4988 1185 5056 ¹¹⁸¹arpum
1210 4985 1250 5039 cd.
1280 4989 1349 5036 stara.
1381 4982 1451 5035 ‹teest
1469 4980 1499 5059 Ι1.
1516 4980 1548 5058 ,1.
1580 4977 1596 5033 3
1625 4993 1672 5052 qur
1689 4992 1777 5046 neque

173 5056 539 5131 'maacuamrettnquaat
581 5058 763 5114 ¹⁸⁸¹unuml.
786 5060 851 5115 23.
911 5059 1131 5114 ¹⁸¹⁰maxiureli.
1189 5055 1402 5109 ¹⁸⁵¹itacorruui
1424 5051 1440 5104 l’
1469 5049 1619 5103 trtcrtnlrant
1651 5050 1673 5100 l.
1700 5050 1727 5102 2.
1749 5048 1776 5101 3.

107 5068 313 5209 spgtgpemus
331 5133 373 5191 3..
399 5131 588 5187 ¹⁸⁸⁸rednetus
604 5129 633 5185 2.
673 5131 719 5165 ¹⁸⁸⁸
734 5130 856 5236 Namque
874 5138 992 5187 castrum
1007 5161 1042 5170 —
1068 5127 1175 5200 aspexit
1198 5124 1271 5197 quod
1300 5125 1399 5179 omittit
1422 5124 1468 5202 laec
1490 5123 1553 5185 loeo,
1570 5126 1602 5200 ,ct
1625 5119 1703 5185 infra
1731 5120 1778 5199 dc·

108 5222 186 5273 mum
203 5205 314 5278 potitii
369 5200 469 5259 ¹⁸¹⁸Zbi
491 5216 630 5273 usumque
644 5201 761 5256 cesarii.
821 5202 944 5274 ⁸¹¹quod
968 5207 1086 5257 castrum
1114 5196 1263 5270 Bytomsic
1282 5204 1416 5249 armatum
1439 5208 1478 5245 sre
1502 5196 1776 5271 rurmrtumaspexrt,

108 5278 315 5348 becieaopont'l
339 5273 365 5331 3.
412 5272 458 5311 ⁸⁸¹¹
472 5218 592 5348 {biquae
609 5275 705 5344 repetit
732 5273 758 5329 3.
804 5272 849 5309 ¹⁸⁵¹
864 5280 940 5329 tunm
967 5273 1043 5328 addit
1056 5273 1072 5325 3
1126 5270 1170 5304 ¹⁸¹¹
1184 5268 1301 5337 sinuque
1331 5266 1356 5345 l
1389 5264 1415 5317 ⁹2.
1475 5261 1676 5316 ¹⁸¹¹l¹olonuun
1697 5259 1725 5316 2.
1746 5259 1775 5316 3.

109 5345 382 5420 ¹⁸¹¹eernprobnril.
423 5342 609 5402 ¹⁸¹¹eisl.3.
648 5343 694 5378 ¹⁸⁸¹
708 5345 778 5400 deest
792 5344 818 5401 3.
868 5344 912 5379 ¹⁸¹⁸
926 5361 952 5401 v.
970 5361 993 5398 c.
1006 5346 1075 5399 deest
1088 5343 1112 5397 3.
1175 5341 1218 5374 ¹⁸¹⁸
1239 5345 1265 5392 et
1285 5343 1443 5406 reciperent
1458 5336 1555 5388 destant
1569 5334 1595 5386 3.
1643 5331 1690 5366 ¹⁸¹¹
1704 5333 1776 5387 deest

106 5422 130 5474 2
180 5420 431 5474 ¹⁸¹¹cunct0ssuos
447 5416 511 5471 inde
532 5431 587 5472 non
604 5415 742 5470 revocavit
767 5416 922 5471 incolumes
943 5431 991 5485 pro
1015 5432 1037 5469 s.
1061 5416 1078 5468 i.
1097 5431 1120 5469 e.
1136 5431 1162 5466 u.
1188 5412 1204 5463 i.
1227 5429 1249 5463 r.
1273 5410 1298 5461 u.
1351 5407 1394 5440 ¹⁸¹¹
1412 5422 1509 5473 carpiani
1525 5406 1564 5459 erl.
1586 5409 1658 5458 tfnrs.
1673 5420 1701 5471 p.
1723 5403 1780 5458 161

106 5489 302 5548 ⁶⁶³⁸⁸¹'²'3'
886 5557 987 5612 nora.

142 5633 218 5704 (115)
234 5634 314 5690 Arane
329 5631 406 5688 llll.
423 5630 453 5687 ll.
