3720 6014
87 114 137 170 737
759 111 834 168 Vlla
853 111 882 167 S.
903 110 1070 168 bactuvtt.
1700 114 1751 172 'lbi

86 241 215 316 gehenna
230 240 312 296 mitti.
328 239 443 295 Omnem
457 253 522 308 ergo
542 237 660 295 earnalis
681 238 896 301 necessitudinis
907 249 934 318 Α
948 237 994 293 liei
1009 236 1101 313 gladio
1116 236 1192 317 verbi
1213 238 1259 292 llei
1275 238 1395 293 ostendit
1411 253 1492 309 quam
1508 238 1599 294 tidelis
1613 247 1687 297 esset
1700 256 1752 308 suo

88 331 261 389 allectionem
280 339 451 404 postponens
467 331 566 386 Christi
582 330 678 399 arnovi,
692 329 898 386 abrenuntiavit
948 326 1004 398 tegi
1014 341 1063 397 pto
1076 325 1136 395 ejus
1151 341 1241 381 autore
1252 342 1399 400 aggressus
1413 326 1553 382 debellare
1569 343 1684 401 reguum
1696 329 1754 384 dia·

91 421 161 493 patri
178 420 385 476 abrenuntiavit
404 427 524 491 paternae
538 418 678 490 liacultati,
693 417 900 473 abrenuntiavit
949 413 1023 470 boli:
1040 430 1092 470 nec
1118 423 1180 469 ante
1196 414 1311 480 destitit,
1328 431 1409 486 quam
1426 414 1578 470 infidelium
1594 416 1687 480 corda,
1701 416 1755 471 vir-

89 513 193 570 etenim
209 512 275 579 sibi,
291 519 320 567 ut
332 512 422 567 nudus
435 521 462 568 ct
477 511 623 583 expeditus
641 519 805 583 sequeretur
815 508 897 566 disci·
949 513 1038 563 tutum
1054 505 1237 574 mirificentia,
1251 506 1421 563 etdoetrinve
1436 507 1576 563 allluontia
1592 509 1626 563 ad
1638 508 1754 564 creden-

90 602 300 676 pulusvestigia
316 603 450 677 magistri.
951 595 1016 651 dum
1040 594 1158 664 inllexit,
1188 601 1215 651 et
1243 611 1258 650 a
1285 610 1370 669 regno
1396 595 1499 652 diaboli
1524 596 1636 652 abactos
1657 596 1755 652 Christi

425 690 529 747 CAPUT
540 691 571 746 ll.
948 691 1016 766 jugo
1031 690 1157 760 subjecit.
1184 690 1214 744 ln
1231 691 1282 745 hac
1308 689 1410 745 vicinia
1424 698 1534 746 sanctus
1559 691 1674 746 Samson
1697 707 1756 745 ma·

128 787 227 842 ascitis
250 786 341 859 itaque
357 786 498 853 omnihus,
514 786 561 858 qui
574 801 667 841 seeum
690 786 821 842 tenebant
836 798 893 856 pro·
952 782 1048 850 nebat,
1069 782 1116 854 qui
1140 782 1213 837 beati
1232 782 1356 838 llaclovii
1376 782 1599 858 consanguineus
1618 792 1686 837 erat.
1709 782 1756 838 ilie

94 879 213 950 positum
227 879 383 946 monastici,
393 879 500 934 ordinis
513 877 630 953 allegato
645 893 757 950 quoque
771 877 904 954 magistro
954 874 982 929 iu
998 874 1136 931 territorio
1152 873 1239 941 urbis,
1256 874 1284 928 in
1304 891 1357 946 qua
1370 874 1560 946 episcopatum
1576 874 1755 930 administra·

93 970 429 1037 suollreudauoabbate,
446 970 523 1026 socio
547 969 648 1040 prioris
663 969 904 1044 peregrinationis,
954 965 1082 1034 bat,non
1111 966 1287 1021 mediocriter
1307 966 1430 1022 laborem
1451 966 1640 1037 impendebat,
1669 973 1699 1021 ut
1722 965 1756 1021 de

94 1059 171 1114 veuit
187 1060 221 1113 ad
246 1060 321 1114 littus
338 1057 430 1114 maris.
447 1056 499 1113 Ubi
518 1058 618 1114 amotis
640 1059 755 1114 navibus
769 1066 797 1115 et
811 1057 903 1115 nautis
955 1072 1040 1132 regno
1067 1057 1174 1112 llomini
1198 1056 1240 1112 sui
1270 1056 1427 1112 exturbaret
1450 1058 1653 1131 paganismum,
1675 1066 1703 1112 et
1722 1056 1757 1112 ad

96 1153 240 1221 omnibus,
258 1154 336 1222 juxta
360 1152 536 1208 interdictum
563 1151 721 1225 patrissui,
746 1168 808 1208 cum
829 1150 904 1207 nulla
954 1151 1064 1207 laudem
1093 1151 1141 1207 bei
1168 1151 1313 1223 ampliaret
1333 1151 1579 1230 Christianismum.
1605 1153 1650 1209 Sic
1668 1153 1696 1208 in
1716 1169 1760 1207 re·

95 1247 310 1320 suppeteretvia
325 1246 532 1313 transfretandi,
549 1246 689 1302 recolebat
704 1246 771 1301 illud
784 1244 903 1301 Psalmi·
954 1242 1039 1317 gioue
1060 1242 1104 1298 illa
1128 1259 1177 1314 per
1192 1241 1276 1298 fortes
1299 1243 1402 1298 milites
1431 1244 1539 1304 Christi,
1568 1245 1704 1300 diminuta
1720 1249 1763 1299 est

96 1351 163 1397 stae:
182 1364 192 1392 r
210 1343 314 1398 Bonum
336 1349 378 1398 est
391 1339 530 1397 confidere
546 1341 573 1396 in
593 1341 721 1409 Domino,
741 1357 823 1413 quam
840 1355 905 1396 con·
955 1334 1169 1406 adversaepartis
1183 1335 1315 1406 potentia,
1330 1343 1358 1390 ot
1372 1335 1485 1390 dilatata
1499 1342 1540 1391 cst
1553 1336 1634 1411 longo
1653 1336 1762 1407 lateque

97 1432 185 1488 fidere
210 1432 238 1487 in
258 1432 370 1488 bomine
391 1433 473 1500 (Psoi.
492 1433 583 1504 aava).
610 1452 622 1483 a
654 1431 776 1505 Cumque
801 1447 849 1488 cor
872 1431 907 1486 ad
957 1425 1169 1483 Christianitatis
1184 1425 1398 1501 magnificentia.

98 1521 184 1575 lleum
200 1519 289 1575 solum
313 1520 506 1591 suspenderet,
531 1534 596 1575 eece
620 1520 710 1576 navim
728 1536 841 1576 vacuam
858 1519 909 1574 ho·
1267 1515 1370 1572 eleut
1384 1517 1452 1571 lllll.

99 1609 222 1664 minibus
242 1615 343 1679 praesto
358 1608 455 1663 adesse
474 1607 560 1676 videt,
588 1624 670 1680 quam
698 1607 821 1664 Christus
849 1574 945 1680 ipseB
994 1607 1121 1682 Vigiliam
1138 1607 1247 1663 Paschae
1267 1607 1437 1664 Christianus
1456 1609 1577 1680 populus
1597 1607 1766 1676 celebrabat,

101 1697 234 1774 regebat:
250 1697 291 1754 vir
306 1705 396 1752 tamen
413 1703 525 1752 sanctus
539 1712 658 1769 puerum
677 1713 740 1752 eum
768 1713 829 1754 esse
844 1712 909 1753 cre·
960 1709 988 1757 et
1003 1701 1029 1755 in
1049 1701 1224 1756 celebrandis
1238 1703 1329 1758 missa
1345 1702 1484 1773 mysteriis
1496 1702 1626 1758 sacerdes
1648 1702 1769 1756 intentus

101 1789 196 1844 debat.
212 1788 262 1853 unt
277 1805 327 1860 per
345 1804 410 1844 mox
431 1788 507 1843 illum
524 1789 558 1843 ad
573 1789 757 1863 navigandum
775 1789 910 1855 invitavit,
961 1794 1028 1844 erat.
1046 1789 1078 1844 lit
1099 1805 1162 1845 ecee
1176 1789 1267 1845 tristes
1295 1789 1417 1845 defuncti
1434 1790 1604 1856 ¹exhibentur
1619 1789 1769 1861 exsequiae,

102 1894 133 1939 et
150 1900 283 1956 quorsum
300 1885 351 1939 iter
374 1883 457 1939 vellet
481 1883 611 1960 dirigere,
634 1901 695 1940 cum
723 1883 909 1960 interrogavit.
962 1891 990 1939 et
1011 1883 1123 1939 animos
1146 1884 1319 1940 audientium
1347 1886 1382 1940 ad
1409 1885 1632 1956 compatiendum
1662 1891 1774 1940 movent

102 1972 256 2045 R⁰⁸p0¹¹tlll
278 1971 335 2040 ille,
366 1987 421 2045 (1¹10
459 1972 585 2028 V0¹¹1ssl³⁸
614 1971 720 2028 Domini
750 1973 803 2028 iter
830 1988 912 2028 suum
963 1978 1151 2051 plangentium
1168 1980 1295 2052 lacrymae
1322 1979 1386 2035 Plus
1410 1979 1773 2050 cunctismoteturctipse

103 2066 187 2121 vellet
208 2066 341 2139 dirigere,
357 2081 392 2122 eo
416 2080 447 2120 se
461 2065 582 2121 libenter
605 2065 685 2137 sequi
702 2066 782 2120 velle.
808 2063 914 2134 Adiecit
963 2070 1104 2138 sacerdos,
1120 2070 1167 2143 qui
1181 2079 1255 2128 totus
1268 2081 1327 2128 erat
1346 2073 1373 2127 in
1395 2071 1597 2137 misericordia,
1610 2078 1638 2126 et
1658 2076 1774 2142 praesto-

104 2159 234 2229 puer:ln
259 2156 538 2229 sinuhoJ'ussaliest
559 2157 686 2229 quaedam
716 2157 914 2230 insola,quam
964 2162 1116 2233 larijubet,
1147 2164 1211 2218 dnm
1233 2161 1343 2218 liniatur
1369 2162 1462 2217 missa.
1491 2160 1689 2216 Circumstante
1719 2159 1774 2214 lre-

103 2248 208 2304 babilli
232 2249 273 2304 tit
297 2249 365 2303 salis
392 2248 524 2319 probatus
543 2247 571 2303 in
598 2249 750 2305 monastica
771 2248 837 2305 vila·
868 2247 917 2303 llic
966 2256 1081 2328 quentia
1104 2257 1209 2328 populi,
1226 2262 1319 2312 monet
1334 2271 1432 2312 orrrnes
1447 2253 1585 2326 appellare
1599 2252 1775 2309 clementiam

105 2343 194 2396 ⁸³¹⁰ss
221 2347 380 2397 l0⁰³ll¹l²³
403 2355 459 2411 ΨΜ)
474 2340 556 2394 etiam
579 2340 657 2397 ¹⁰⁰¹1⁸
683 2340 774 2396 insula
800 2339 917 2420 Ᾱὸῑρῡῑῦ
967 2351 1093 2406 bomini:
1110 2359 1148 2415 ut,
1174 2351 1221 2424 qui
1241 2351 1399 2407 dominatur
1420 2349 1501 2405 morti
1515 2358 1543 2404 ot
1557 2349 1629 2412 vitae,
1647 2347 1776 2421 dignare·

106 2433 327 2507 cognominatur.
343 2432 384 2486 Ad
399 2432 473 2488 hune
488 2439 514 2487 te
525 2432 654 2508 dirigam,
670 2439 697 2489 et
713 2441 741 2489 te
755 2434 790 2489 ah
806 2449 839 2489 eo
852 2433 917 2491 olli-
968 2448 1011 2495 tur
1036 2456 1085 2511 per
1106 2440 1231 2496 membra
1255 2439 1373 2513 rigentia
1397 2439 1508 2494 vitalem
1534 2437 1634 2492 animae
1654 2436 1774 2492 calorem

107 2522 262 2578 ciosissimc
278 2521 379 2593 excipi,
400 2531 427 2576 ct
447 2522 567 2577 humane
594 2521 703 2576 tractari
726 2521 834 2578 laeiam.
864 2523 918 2580 llac
965 2523 1125 2587 ¹refundere.
1142 2532 1198 2588 Nec
1220 2532 1331 2605 longum
1348 2530 1412 2594 tuit;
1437 2536 1464 2585 et
1484 2528 1531 2602 qui
1547 2528 1630 2584 dixit:
1648 2552 1662 2576 a
1681 2525 1778 2584 Omnia

107 2618 168 2674 vice
192 2633 350 2673 sermonum
373 2614 510 2671 intellexit
525 2615 635 2671 tandem
664 2616 707 2672 vir
720 2616 781 2682 Ilei,
800 2633 917 2688 puerum
969 2621 1112 2691 possibilia
1126 2628 1190 2676 sunt
1205 2620 1329 2676 credenti
1346 2620 1440 2690 (More.
1456 2619 1503 2688 tx).
1520 2638 1535 2669 n
1555 2616 1697 2673 devotioni
1709 2614 1779 2671 lide·

107 2709 151 2764 cui
171 2706 389 2778 colloquebatur,
418 2704 494 2759 illum
515 2720 590 2772 osse,
618 2721 700 2777 quem
731 2706 918 2774 invocaverat,
970 2708 1153 2766 liumadluit:
1182 2709 1301 2785 resurgit
1314 2717 1450 2772 mortuus,
1479 2717 1507 2764 ct
1523 2708 1664 2762 horrorem
1680 2705 1778 2761 incutit

108 2801 206 2856 Deum.
227 2798 349 2870 Cumque
363 2796 531 2853 acceleraret
546 2797 668 2868 provolvi
684 2797 824 2870 loquentis
838 2797 919 2875 geni·
970 2798 1111 2866 omnibus,
1127 2805 1155 2854 ct
1170 2798 1258 2870 palam
1275 2796 1342 2852 lecit
1360 2797 1475 2852 omnino
1496 2797 1582 2850 Deum
1599 2793 1690 2849 lavere
1713 2791 1780 2847 lide·

111 2894 172 2959 hus,
189 2891 263 2947 dicto
276 2889 356 2946 silius
371 2890 482 2946 evanuit
494 2906 526 2945 ex
538 2889 625 2946 oculis
639 2890 737 2963 ipsius.
933 2915 958 2984 C
971 2889 1033 2944 liter
1046 2887 1212 2960 peterrtibus.
1229 2885 1261 2942 Ut
1274 2887 1353 2942 vivus
1373 2886 1468 2953 astitit,
1491 2884 1620 2956 poculum
1641 2883 1697 2939 vini
1724 2882 1778 2938 sibi

300 3038 303 3043 .
434 2981 537 3038 CAPUT
555 2981 599 3039 xl.
971 2981 1075 3057 porrigi
1088 2979 1262 3052 petiit.'Quid
1277 2987 1389 3035 sanetus
1402 2978 1443 3034 vir
1455 2977 1578 3034 laceret?
1592 2976 1690 3031 Vinum
1706 2974 1780 3046 quod

150 3075 235 3147 lgitur
248 3073 378 3130 telicicris
392 3072 575 3148 navigationis
588 3087 669 3144 quam
685 3088 841 3147 aggressus,
858 3089 921 3145 pro·
971 3072 1075 3128 sitienti
1098 3071 1261 3146 porrigeret,
1287 3085 1344 3126 nou
1364 3069 1504 3125 babebat:
1533 3083 1612 3139 aquae
1639 3066 1781 3138 poculum,

111 3165 201 3237 speris
222 3162 312 3218 ventis
337 3169 364 3217 et
387 3168 461 3217 recto
487 3166 583 3216 tenore
612 3175 710 3215 cursus
737 3161 771 3216 ad
804 3161 921 3218 insulam
972 3164 1047 3236 quod
1075 3163 1244 3236 porrigebat,
1271 3169 1385 3234 tangere
1407 3161 1505 3217 sitiens
1530 3158 1651 3215 nolebat.
1682 3160 1782 3213 lterum

111 3249 226 3306 aaronis
245 3249 433 3317 estdirectus,
461 3256 489 3304 et
503 3248 583 3318 juxta
605 3248 771 3319 promissum
800 3248 921 3319 Domini,
973 3255 1142 3312 confortatus
1169 3253 1278 3320 iulide,
1307 3254 1423 3308 recurrit
1448 3253 1482 3307 ad
1499 3250 1602 3307 lentem
1626 3251 1782 3306 misericor·

111 3341 237 3399 ofliciosa
251 3342 422 3398 humanitate
441 3338 576 3396 alamulo
596 3340 644 3395 liei
662 3345 703 3395 est
727 3349 866 3412 exceptus.
881 3341 923 3396 lbi
973 3345 1027 3399 diae
1052 3351 1161 3416 petens,
1178 3351 1208 3398 ut
1230 3343 1277 3415 qui
1302 3341 1421 3397 orationi
1452 3339 1577 3395 srrlelium
1609 3339 1784 3410 impenderat

112 3445 175 3485 cum
200 3434 295 3484 saneto
308 3435 402 3483 sancte
417 3426 537 3492 vivebat,
552 3433 579 3482 et
594 3442 656 3482 cum
670 3426 819 3483 innocente
843 3427 924 3485 inno·
975 3433 1073 3503 ninius,
1096 3431 1257 3504 dignaretur
1273 3429 1434 3500 impendere
1457 3435 1484 3482 ct
1499 3427 1538 3494 id,
1564 3425 1638 3499 quod
1654 3433 1713 3481 erat
1731 3425 1785 3480 mi-

114 3532 211 3581 center
234 3521 343 3595 agebat,
358 3527 386 3576 et
406 3520 493 3576 lactus
507 3519 576 3575 alter
597 3521 712 3577 alterius
726 3523 880 3594 speculum,
900 3523 924 3580 si
976 3542 1037 3580 nus.
1054 3523 1114 3581 llos
1130 3524 1237 3579 hahens
1256 3522 1290 3577 ud
1318 3538 1428 3576 manum
1445 3535 1493 3575 vas
1521 3534 1719 3583 marmoreum,
1745 3519 1785 3574 le-

112 3611 181 3686 quid
198 3612 225 3666 in
240 3609 397 3682 semetipsis
415 3608 550 3665 videbant
573 3627 635 3667 esse
649 3612 855 3682 corrigendum,
878 3622 926 3670 aut
976 3622 1037 3672 vata
1054 3631 1137 3670 manu
1155 3613 1223 3669 illud
1245 3612 1426 3678 benedicens,
1444 3610 1524 3665 vertit
1538 3609 1567 3664 in
1582 3626 1630 3664 ras
1653 3609 1786 3665 vitreum:

115 3707 315 3776 adjiciendum,
356 3705 517 3762 charitativa
552 3706 728 3764 emulatione
765 3709 929 3766 meliorabat
978 3706 1168 3762 ctinlundens
1188 3705 1244 3760 vasi
1261 3721 1359 3777 aquam
1375 3719 1424 3774 per
1438 3703 1567 3758 virtutem
1583 3710 1685 3756 sanetae
1700 3701 1790 3755 bone-

116 3800 186 3855 alter
201 3814 250 3871 per
265 3800 394 3853 alterum.
410 3796 451 3852 lbi
467 3812 533 3873 ergo
553 3799 649 3854 mundi
663 3798 747 3870 hujus
764 3801 928 3876 peregrinus
964 3799 1111 3882 ‚dictionis
1134 3797 1250 3853 ntutavit
1270 3804 1297 3852 et
1311 3796 1385 3850 illam
1407 3795 1436 3850 in
1453 3794 1511 3850 vini
1534 3799 1670 3848 naturam.
1689 3790 1791 3863 Siequc

116 3887 269 3961 permansit
283 3887 486 3959 aliquantulum
507 3888 648 3960 temporis,
665 3888 755 3946 donec
768 3889 871 3961 placuit
885 3890 929 3947 di·
979 3891 1084 3947 invase
1099 3890 1187 3946 vitreo
1208 3889 1353 3963 porrigens
1383 3886 1489 3943 homini
1518 3881 1789 3941 redivivonovivini

118 3976 929 4048 vinaeomnipotentiae,etiaminhocsaeculo,eireddere
980 3986 1121 4058 poculum,
1145 3999 1201 4040 non
1231 3983 1374 4038 minimum
1405 3981 1506 4037 divinae
1534 3979 1645 4052 pietatis
1669 3977 1792 4034 ostendit

120 4068 276 4123 mercedem
294 4067 406 4133 laboris,
422 4069 449 4124 in
464 4067 716 4126 tuturoservansei
728 4070 929 4142 plenitudinem
980 4078 1111 4135 omnibus
1128 4073 1345 4132 miraculuml)
1375 4089 1440 4130 vere
1470 4073 1545 4145 pium
1565 4080 1593 4128 et
1613 4069 1789 4146 magnificum

120 4157 363 4215 ῐθῐῐῖΰῦθΐᾶῑῑθΰῑδ·
980 4172 1115 4227 cultorem
1140 4175 1241 4225 sanctae
1255 4166 1406 4233 Trinitatis,
1426 4181 1508 4237 quem
1534 4164 1687 4219 secundum
1708 4161 1791 4217 sidem

428 4251 533 4308 CAPUT
552 4253 609 4309 xll-
944 4261 1071 4327 Deordis
1084 4262 1126 4318 sui
1140 4261 1168 4316 in
1184 4276 1239 4316 una
1254 4259 1300 4314 die
1316 4258 1408 4313 divina
1431 4256 1519 4312 virtus
1534 4254 1622 4309 tribus
1646 4251 1793 4310 illustravit

157 4347 217 4403 lam
242 4347 314 4403 lama
340 4363 442 4404 nomen
472 4348 532 4418 ejus
558 4348 668 4405 celebre
692 4349 794 4407 fecerat
815 4352 930 4424 ubique,
981 4354 1132 4423 miraculis,
1148 4351 1213 4408 dum
1233 4350 1390 4407 innomine
1413 4357 1441 4404 et
1467 4346 1568 4403 virtute
1587 4343 1794 4401 sancloel'rini·

121 4439 178 4512 jam
195 4441 270 4496 omui
292 4442 394 4513 populo
410 4450 469 4498 erat
490 4441 519 4496 in
537 4458 595 4508 ore,
612 4444 685 4514 quod
705 4444 869 4520 peregrinus
888 4446 933 4501 ille
982 4447 1046 4504 tatis
1074 4444 1217 4502 suscitavit
1235 4449 1383 4509 mortuum,
1410 4450 1439 4497 et
1461 4456 1494 4496 ex
1522 4453 1658 4493 marmore
1681 4436 1792 4503 vitrum,

124 4532 319 4589 miraculomm
336 4534 453 4605 polleret
471 4542 619 4606 potestate,
641 4541 669 4591 et
696 4552 780 4607 supra
805 4537 934 4594 homines
983 4545 1010 4594 et
1029 4554 1063 4594 eu
1083 4552 1155 4609 aqua
1169 4534 1234 4592 tecit
1257 4535 1364 4590 vinum.
1382 4534 1479 4603 ltaque
1491 4546 1574 4602 quem
1592 4528 1692 4585 alienis
1704 4527 1796 4583 mani·

126 4630 261 4685 doctrinae
280 4627 408 4684 alllueret
427 4628 563 4685 ubertate.
579 4629 638 4684 lam
659 4629 751 4686 omnis
770 4630 889 4702 populus
905 4631 933 4687 in
984 4630 1038 4687 bus
1052 4646 1163 4686 carruca
1178 4628 1211 4684 ad
1229 4625 1422 4698 sepeliendum
1437 4624 1502 4681 illuc
1522 4622 1642 4688 advexit,
1659 4620 1718 4694 ipsc
1733 4636 1794 4677 eam

122 4718 184 4788 ejvs
201 4715 387 4773 declinaverat
402 4732 534 4783 animem,
564 4733 598 4773 00
623 4718 696 4791 quod
719 4718 826 4775 videret
846 4719 873 4774 in
901 4734 935 4776 eo
986 4727 1065 4782 laetus
1080 4726 1192 4781 domum
1213 4721 1334 4787 redusit,
1348 4727 1376 4776 et
1391 4719 1483 4793 quoad
1504 4717 1581 4787 vixit,
1605 4717 1724 4775 idoneus
1738 4731 1796 4772 suae

124 4824 188 4865 esso
213 4815 240 4863 et
255 4807 293 4879 pii
310 4808 396 4880 patris
423 4806 611 4880 allectionem,
639 4816 667 4867 et
684 4808 796 4866 facundi
816 4810 937 4868 doceris
986 4816 1196 4876 resurrectionis
1215 4814 1293 4871 testis
1307 4811 1420 4870 exstitit.

125 4901 328 4958 auctoritatem.
346 4901 480 4966 Quocirca
499 4908 667 4973 cooperante
686 4903 739 4959 sibi
764 4903 858 4960 divina
871 4920 937 4979 gra·
1290 4899 1394 4958 CAPUT
1422 4902 1487 4958 lllV.

125 4990 177 5058 tia,
191 4989 319 5045 lecerunt
329 5007 392 5046 eum
404 4989 619 5046 inthronizariin
633 4990 784 5064 episcopali
795 4991 936 5059 cathedra,
1022 4993 1069 5051 Vir
1078 5009 1153 5067 sepe
1166 4993 1334 5061 nominatus,
1348 4991 1375 5047 in
1388 4991 1529 5066 quotlides
1544 4988 1678 5062 perbona
1688 4982 1799 5043 vivebat

128 5083 157 5138 5¹¹
172 5081 241 5137 urbe
261 5097 322 5154 (ἰιιῶ
345 5087 457 5138 vocatur
468 5082 574 5150 aletha,
596 5098 656 5155 (11¹ae
676 5098 732 5140 110ss
748 5083 830 5159 longe
845 5083 939 5139 aberni
989 5103 1085 5160 opera,
1101 5087 1129 5142 in
1149 5085 1242 5158 parvis
1253 5084 1366 5158 quidem
1382 5083 1465 5140 rebus
1481 5098 1536 5138 non
1557 5094 1639 5154 parva
1654 5077 1731 5134 dedit
1742 5075 1797 5133 mi·

129 5176 165 5232 ab
195 5175 312 5232 daronis
337 5176 437 5233 insula.
459 5176 534 5232 Hanc
559 5175 657 5232 urbem
686 5175 797 5245 duvios,
826 5175 940 5234 nomine
992 5179 1094 5246 vacula,
1122 5187 1152 5236 ut
1172 5195 1222 5251 per
1245 5194 1311 5235 eum
1336 5177 1364 5233 in
1385 5176 1514 5233 omnibus
1541 5171 1639 5229 Christi
1662 5175 1800 5226 cresceret

131 5266 256 5333 binetus,
284 5282 318 5323 ex
343 5282 399 5324 uuo
421 5268 518 5336 latere,
543 5281 576 5322 ex
598 5256 685 5324 altero
704 5265 827 5323 alluebat
853 5280 939 5322 mare.
989 5269 1088 5346 gloria.
1109 5268 1178 5324 Dum
1198 5266 1347 5339 aliquando
1368 5263 1552 5320 Britannicam
1565 5259 1695 5315 circuiret
1707 5257 1800 5332 regio-

132 5358 190 5415 lllis
208 5359 237 5413 in
261 5359 387 5430 partibus
406 5358 498 5416 adbuc
521 5358 676 5415 demonum
701 5357 847 5433 squalebat
865 5374 942 5432 spur·
992 5377 1067 5428 nem,
1094 5368 1125 5415 ut
1144 5359 1172 5414 iu
1197 5373 1264 5433 agro
1292 5355 1442 5415 bomiuieae
1471 5353 1584 5409 culture
1606 5364 1702 5406 semen
1713 5346 1801 5407 divini

132 5452 210 5521 citis,
225 5459 254 5509 et
275 5453 330 5526 jam
348 5453 448 5524 panim
471 5453 610 5528 Evangelii
626 5461 759 5531 regnante
781 5453 880 5531 gratia,
902 5451 941 5510 ihi
991 5456 1068 5513 verbi
1083 5462 1199 5521 sereret,
1215 5449 1487 5509 offenditsuhulcum
1503 5445 1532 5504 in
1544 5459 1622 5519 agro,
1639 5459 1722 5517 quem
1741 5449 1801 5499 tn·-

135 5545 295 5630 rastiterant
320 5544 456 5604 idolatrie
473 5546 600 5622 vestigia.
619 5546 765 5604 deuinctus
785 5543 878 5618 itaque
900 5543 943 5603 vir
992 5543 1094 5618 qnebat
1113 5557 1212 5620 magna
1227 5541 1345 5598 tristitiae
1360 5535 1524 5596 amaritudo.
1544 5531 1708 5594 Custodiens
1725 5530 1801 5588 enim
