3720 6014
70 115 141 174 tels
648 111 816 168 tltttlcttla
836 110 954 168 SANCTl
982 109 1165 166 BENElllCTl.
1668 106 1737 162 lttt

68 251 136 299 trem
150 240 327 297 benedictum
337 258 385 312 pro
401 240 564 298 infractione
575 241 652 297 illius
664 241 717 299 loci
729 248 756 296 et
771 241 874 314 injuria
888 247 912 313 Α
927 240 1071 297 coelestim
1099 244 1222 296 emortua
1250 238 1328 293 febre
1351 253 1435 292 sanus
1458 237 1558 292 evadit.
1580 236 1656 301 Quod
1678 236 1733 295 ire·

66 335 123 390 suis
140 334 224 389 illata.
242 333 386 389 Enimvero
403 351 468 407 rege
488 351 551 389 cum
572 334 685 406 reliquis
701 334 817 389 militum
835 333 875 389 le·
927 332 1059 403 quentius
1073 330 1252 401 probavimus
1267 327 1458 400 experimento
1474 327 1630 397 multiplici.
1641 327 1736 385 Plures

68 426 204 501 gionibus
229 426 262 480 ad
277 426 419 481 Puteolum
437 425 594 491 festinante,
611 432 638 481 et
662 425 714 497 ipsi
734 425 759 480 ei
775 440 876 480 oecur-
927 427 1009 482 ctiam
1025 426 1061 482 de
1078 426 1146 498 ipsis
1165 424 1267 496 quibus
1286 431 1426 494 compacta
1452 422 1540 477 luerat
1558 438 1621 477 arca
1637 422 1681 478 illa
1701 424 1736 479 li-

69 523 143 570 runt.
154 515 244 569 Castra
261 521 399 570 metantur
413 519 468 569 tarn
485 515 537 586 ipsi
547 531 628 586 quam
645 531 691 569 rex
702 514 774 569 circa
787 513 876 585 ipsum
931 518 1003 594 gnis,
1018 518 1186 573 diversarum
1203 516 1328 572 bornines
1343 514 1486 586 regionum
1500 514 1534 569 ad
1550 514 1661 585 propria
1677 515 1736 571 loca

70 611 202 659 castrum.
214 603 332 658 Obsessa
347 603 440 674 itaque
455 609 555 669 castro,
569 610 632 674 post
645 602 756 657 crebras
768 618 879 675 aggres-
930 606 1016 680 gratia
1033 623 1088 660 suae
1115 605 1212 660 salutis
1227 604 1401 661 detulerunt:
1427 602 1473 674 qui
1500 602 1674 673 postmodum
1695 609 1736 658 at-

70 690 591 762 Sl0ss⁰⁵·alitl⁰⁰l⁴¹l⁰bllsihldssffllilm
611 690 881 763 Psssdsslisssdiequa·
932 696 1020 750 testati
1037 703 1100 749 sunt
1119 702 1215 749 contra
1242 692 1377 747 variorum
1405 707 1508 765 genera
1528 692 1687 746 morborum
1704 709 1736 747 ea

67 783 131 836 dam
147 782 184 836 illi
202 783 248 854 qui
265 781 364 836 inclusi
379 781 556 849 videbantur,
573 783 650 854 llugo
665 781 796 838 videlicet
816 799 878 838 eum
931 787 1067 858 profuisse
1085 787 1210 842 multum.
1231 784 1376 857 Enimvero
1397 800 1447 839 nos
1467 784 1584 854 plurima
1605 800 1666 855 quae
1687 800 1736 854 per

68 875 137 940 suis,
162 872 262 944 apertis
278 874 365 944 portis
385 874 526 944 improvisi
545 874 646 931 adsunt
671 876 877 942 obsidentibus,
929 896 961 934 ca
980 887 1092 934 ostensa
1117 885 1191 944 sumt,
1215 877 1373 932 omittentes
1388 876 1476 951 signa,
1493 892 1578 931 unum
1606 859 1736 931 duntaxat

70 963 221 1035 omnigeno
243 962 297 1016 bell
319 978 377 1016 rum
399 963 516 1017 tumultu
543 973 733 1034 personantes,
761 964 879 1021 cornici·
928 975 1096 1034 retexamus,
1111 967 1189 1036 cujus
1202 965 1368 1021 documento
1382 965 1466 1020 multa
1483 966 1604 1035 potuisse
1622 963 1681 1019 deri
1696 965 1736 1019 si-

67 1056 149 1111 nibus
168 1056 251 1111 etiam
267 1053 396 1111 lrorrifico
413 1055 495 1110 boatu
511 1057 753 1129 concrepantibus.
785 1058 879 1112 Exter-
929 1063 1003 1118 milia
1019 1061 1236 1117 manifestemus.
1258 1061 1381 1115 Veratius
1396 1060 1461 1128 (23),
1473 1060 1519 1131 qui
1535 1059 1734 1130 peraliquanta

66 1148 110 1202 riti
139 1147 186 1219 qui
212 1148 240 1201 in
268 1146 365 1202 castris
390 1151 468 1201 erant
492 1147 585 1203 subita
613 1149 732 1204 bostium
752 1149 878 1216 audacia,
928 1166 1063 1205 annorum
1080 1149 1215 1205 curricula
1235 1148 1359 1223 regimen
1374 1146 1732 1215 obtinnitFloriacensium,

64 1238 282 1294 credunttotius
305 1238 425 1294 francia
442 1238 558 1294 militum
588 1241 718 1296 cobortes
734 1249 815 1297 noctu
832 1257 880 1296 ca·
930 1239 1071 1310 quartanis
1084 1238 1173 1292 valide
1189 1253 1238 1308 per
1251 1253 1361 1292 menses
1377 1235 1434 1291 lere
1448 1245 1489 1292 ter
1502 1236 1733 1293 binosadurcba-

66 1336 153 1384 strum
172 1329 244 1383 idem
267 1329 395 1393 intrasse,
421 1328 569 1384 etidcirco
592 1329 732 1403 dagonem
754 1329 787 1384 ad
809 1330 876 1385 tanti
927 1340 971 1386 tur
982 1329 1116 1393 febribus,
1136 1329 1182 1400 qui
1204 1329 1385 1399 plurimorum
1410 1328 1578 1383 medicorum
1596 1328 1637 1398 (ut
1652 1336 1733 1399 pult:

67 1437 163 1475 ausum
181 1418 312 1474 facinoris
325 1418 493 1489 prorupisse.
514 1419 583 1482 Quid
601 1420 703 1491 plura?
723 1431 800 1494 terga
815 1439 876 1476 ver·
927 1420 983 1490 bat)
996 1420 1152 1486 doctorum,
1167 1418 1221 1471 srbi
1236 1417 1402 1488 propensius
1418 1432 1510 1471 curam
1526 1417 1673 1483 adhibens,
1690 1417 1734 1471 ni·

71 1516 142 1575 tunt,
156 1506 227 1583 lugac
248 1506 377 1577 pracsidio
390 1522 451 1561 sese
471 1507 686 1573 committentes,
705 1510 874 1565 diversarum
927 1512 964 1565 bil
976 1510 1105 1582 prolecit;
1122 1509 1356 1580 tantumaliquam
1371 1509 1495 1578 pecunia
1510 1509 1691 1580 quantitatem
1705 1508 1733 1563 iu

67 1599 222 1668 specierum
240 1596 357 1652 tentoria
374 1597 448 1651 varia
463 1598 627 1669 supellectili
645 1601 726 1670 plena
748 1553 912 1673 linquen-B
927 1599 1121 1671 comparandis
1136 1597 1376 1664 medicaminibus,
1397 1605 1528 1652 eteorum
1546 1598 1666 1668 praemiis
1686 1599 1733 1669 qud

68 1697 120 1752 tes
136 1697 164 1744 ct
183 1696 281 1744 caetera
298 1705 361 1760 quae
381 1689 415 1744 ad
442 1697 543 1745 tantam
561 1692 767 1762 expeditionem
778 1709 877 1749 neces-
928 1689 1027 1745 frustra
1046 1690 1088 1745 vel
1104 1688 1242 1744 modicum
1267 1703 1323 1743 suae
1350 1687 1415 1742 artis
1444 1688 1587 1758 suscipere
1610 1688 1732 1743 laborem

64 1781 136 1837 saria
165 1786 360 1836 convexerant.
395 1780 493 1836 llostes
525 1798 574 1837 eos
602 1781 698 1857 sugere
718 1792 874 1854 cernentes,
929 1782 1423 1855 renuunt,cxpcndit.ipsequoque‚
1448 1781 1734 1853 quoniamjactitabat

67 1876 141 1948 quod
166 1891 343 1947 nequaquam
365 1885 456 1931 mente
476 1882 557 1931 antea
573 1878 720 1948 concipere
743 1895 876 1950 praesum·
928 1877 1126 1949 aliquantulam
1142 1877 1334 1932 medicaminis
1347 1892 1376 1931 sc
1389 1875 1492 1931 babere.
1503 1877 1669 1943 notitiolam,
1686 1892 1733 1946 per

64 1973 185 2036 pserant,
199 1971 253 2018 uta
266 1964 361 2035 paucis
373 1971 447 2018 tanta
461 1965 607 2021 multitudo
619 1965 770 2040 fugaretur,
785 1969 876 2024 acrius
927 1986 959 2024 se
971 1970 997 2024 in
1013 1986 1042 2024 se
1057 1969 1142 2024 multa
1159 1969 1282 2036 tentavit,
1297 1969 1344 2023 sed
1362 1967 1399 2022 nil
1414 1968 1466 2022 sibi
1484 1968 1594 2039 proluit.
1613 1968 1734 2023 Destitu-

65 2059 257 2130 insequuntur.
289 2057 364 2128 Capti
390 2064 454 2113 sunt
487 2059 613 2131 igiturin
628 2061 674 2115 illa
689 2060 752 2135 iuga
777 2080 875 2134 quam·

69 2151 179 2223 plurimi
196 2150 307 2206 nobiles
326 2150 388 2216 viri,
405 2151 522 2206 maxime
545 2155 683 2209 exercitus
698 2155 873 2227 burgundiae,

66 2239 114 2311 qui
126 2240 230 2293 Patrem
248 2239 426 2294 benedictum
444 2239 568 2308 injuriari
584 2241 642 2295 ausi
664 2241 781 2308 lucrant,
803 2243 875 2299 dire·

67 2335 159 2400 ptores
175 2328 261 2399 ipsius
285 2328 434 2383 existentes
460 2328 656 2399 possessionis.
680 2330 874 2403 Deniqueepi·

66 2434 167 2489 scopus
183 2417 229 2488 qui
258 2417 327 2471 alios
346 2432 474 2472 sermone
495 2416 620 2471 illusorie
641 2417 747 2488 prolato
768 2419 874 2476 nelarie

63 2527 145 2584 agere
166 2508 322 2581 impulerat,
353 2525 414 2563 cum
448 2517 523 2580 patre
544 2509 754 2565 llivernensinm
773 2512 873 2568 comite

60 2610 171 2672 captus,
188 2606 298 2654 coactus
313 2605 355 2653 est
368 2599 491 2669 seipsum
510 2614 566 2653 non
582 2600 698 2655 medicae
713 2601 872 2670 quantitatis

61 2689 177 2760 pecunia
194 2688 345 2753 redimere;
363 2704 377 2741 a
393 2704 446 2759 qua
463 2688 574 2743 demum
590 2696 703 2760 captura
715 2697 871 2759 exemptus,

63 2780 214 2835 Flex-iaeum
242 2789 351 2850 petens,
372 2777 474 2834 fatetur·
488 2795 517 2834 se
537 2780 620 2834 stulte
638 2780 741 2852 egisse,
757 2787 784 2834 et
809 2796 871 2850 quae

61 2869 115 2925 sibi
131 2869 301 2935 acciderant,
313 2868 386 2937 juste
402 2868 569 2943 contigissc;
586 2868 695 2922 veniam
708 2868 785 2939 petit,
804 2883 871 2940 pro·

63 2965 192 3014 meretur.
211 2959 240 3011 lu
254 2973 286 3012 ea
301 2956 365 3028 luga
378 2958 545 3027 completum
558 2956 670 3012 videres
683 2956 757 3027 quod
772 2958 801 3011 in
816 2956 871 3013 line
886 2929 911 2998 C

925 2067 969 2115 tus
984 2061 1077 2132 itaque
1097 2061 1173 2116 omni
1193 2060 1304 2127 auxilie,
1331 2067 1358 2114 et
1373 2066 1476 2114 attenta
1498 2060 1643 2114 medicinae.
1660 2059 1732 2115 irau-

926 2154 1006 2208 datus
1021 2169 1081 2224 spe,
1092 2154 1251 2209 recordatur
1264 2151 1364 2208 multos
1376 2152 1469 2221 liujus,
1482 2151 1648 2207 intirmitatis
1662 2168 1732 2222 pon-

926 2245 992 2298 dere
1014 2257 1172 2314 oppressos,
1192 2258 1243 2312 per
1258 2258 1327 2296 arete
1340 2241 1428 2312 ipsius
1455 2241 1586 2313 reliquias
1606 2241 1729 2311 sospitati

926 2335 1048 2407 pristina
1074 2334 1225 2390 restitutos.
1250 2334 1373 2388 Diluculo
1401 2333 1483 2406 igitur
1510 2333 1651 2402 cujusdam
1677 2335 1733 2390 diei

923 2443 1041 2500 surgens
1054 2442 1069 2480 a
1083 2426 1195 2491 lectulo,
1212 2425 1339 2480 manibus
1358 2440 1470 2480 suorum
1482 2424 1642 2495 deportatus
1657 2425 1735 2480 cubi-

923 2520 1101 2583 culariorum,
1123 2518 1272 2574 ecclesiam
1289 2518 1409 2584 intravit,
1430 2534 1521 2573 eoram
1538 2517 1616 2573 altari
1637 2518 1662 2571 in
1677 2534 1733 2589 quo

923 2607 1066 2679 praedictae
1076 2606 1194 2662 conditte
1206 2604 1455 2678 fuerantreliquiec,
1467 2621 1527 2660 sese
1539 2606 1567 2660 in
1576 2606 1736 2679 pavimento

923 2699 1082 2770 prostravit,
1099 2700 1164 2754 lletu
1179 2705 1207 2753 et
1221 2699 1324 2770 gemitu
1344 2698 1486 2753 subveniri
1509 2698 1564 2752 sibi
1579 2714 1734 2770 exposcens

922 2791 995 2847 beati
1012 2791 1098 2846 Patris
1113 2791 1253 2864 precibus.
1271 2791 1411 2847 Postremo
1431 2791 1464 2845 de
1481 2791 1531 2845 soli
1546 2790 1647 2845 duritia
1663 2793 1732 2846 sub-

922 2887 1037 2948 levatus,
1054 2892 1082 2941 et
1096 2884 1169 2940 ulnis
1183 2899 1295 2939 suorum
1317 2883 1471 2954 bajulorum
1486 2890 1667 2951 sustentatus,
1688 2900 1732 2940 ro-

921 2988 968 3057 gat
979 2980 1120 3036 custodem
1133 2973 1327 3046 predictorum
1339 2988 1477 3029 sacrorum
1493 2972 1595 3028 ossium
1610 2972 1730 3044 aliquam

61 3048 265 3105 ⁰⁰⁰¹⁰f0¹¹0¹¹¹¹³
295 3047 396 3119 leitils
414 3047 442 3100 1¹¹
464 3046 719 3118 imprecationibus,
739 3063 809 3118 quas
828 3064 871 3102 tt·
921 3086 991 3124 arca
1009 3064 1208 3141 portiunculam
1229 3060 1493 3126 steatomatis
1516 3062 1603 3131 altrat,
1624 3070 1651 3118 οι
1678 3062 1731 3117 stur

62 3139 108 3194 Dei
128 3138 234 3208 lloyses
254 3135 357 3207 populo
373 3135 465 3189 israeli
482 3134 649 3205 imprecatus
671 3146 724 3204 est,
739 3136 762 3190 si
776 3153 792 3190 a
806 3136 868 3209 lege
919 3160 1014 3217 tribui·
1033 3158 1109 3222 Quod
1125 3156 1190 3210 dum
1208 3154 1393 3224 impetrasset,
1409 3153 1507 3209 hausto
1521 3153 1658 3224 ejusmodi
1676 3172 1700 3224 p
1714 3185 1729 3196 -

60 3228 107 3282 ilci
120 3227 162 3281 sui
175 3224 325 3298 aliquando
341 3223 497 3278 recederet:
514 3225 676 3291 Peraeam,
692 3223 782 3295 inquit
793 3227 868 3278 viam
918 3246 1208 3318 1u,c0,dgdegcqens'
1225 3246 1259 3299 ge
1276 3245 1404 3299 manibus
1418 3260 1480 3298 sese
1500 3244 1682 3312 bajulamjum
1695 3246 1729 3300 ad

60 3323 201 3392 6970le
231 3325 326 3374 ‘illita
353 3321 437 3373 ²²⁰⁸&
466 3324 535 3384 ²²⁴⁰‹3›
559 3324 585 3372 0⁸
604 3333 651 3388 W
668 3325 767 3389 Sssdwm
785 3320 873 3387 [cpias
924 3346 1023 3394 terram
1044 3334 1190 3406 prolapsus
1209 3332 1319 3388 cecidit.
1340 3331 1455 3386 Omnem
1479 3331 1581 3386 deiude
1596 3332 1728 3402 superflui

60 3421 255 3486 (Delibfflssb
273 3415 375 3480 ²5ll⁰l
396 3413 424 3468 in
454 3413 591 3469 Leli²i⁰0²
616 3418 743 3484 Fudt‘ssm,
763 3419 872 3471 ”elilim
922 3429 1046 3486 humoris
1068 3425 1274 3488 abundantiam,
1292 3424 1419 3496 quaesibi
1451 3440 1511 3479 eam
1537 3424 1730 3496 egritudinem

59 3518 237 3584 persequente
252 3511 345 3582 (levit.
362 3526 435 3576 xxva,
449 3509 506 3579 l'l).

96 3605 159 3661 Can.
185 3605 260 3659 lillll.
274 3635 310 3644 —
329 3608 357 3661 S.
378 3606 513 3661 denedicti
535 3608 656 3676 rclt'qttioe
668 3609 698 3661 itt
711 3608 796 3661 aliam
813 3608 870 3662 tlte

61 3718 123 3757 caut
137 3703 233 3756 itlctoe.
251 3703 339 3755 lltccae
349 3702 493 3770 particule
516 3704 592 3770 oeqris
607 3701 726 3756 salubres
753 3701 870 3756 ltasiliea

62 3814 174 3869 semper
191 3796 309 3872 virginis
323 3795 415 3851 llarim
426 3795 473 3851 llei
486 3796 639 3870 genitricis,
656 3795 683 3851 in
699 3812 753 3868 qua
769 3796 870 3852 Beatus

63 3892 142 3947 Pater
159 3889 326 3945 Benedictus
341 3904 458 3959 corpore
470 3888 705 3960 quiescit,partim
722 3896 868 3956 vetustate,

921 3519 1060 3586 intulerat,
1081 3531 1212 3572 evomens
1227 3530 1277 3586 per
1300 3514 1418 3584 spatium
1436 3513 1521 3568 ferme
1546 3514 1629 3569 unius
1644 3515 1730 3583 borae,

920 3613 997 3669 humi
1018 3619 1173 3685 prostratus
1189 3609 1286 3678 iacuit,
1312 3607 1413 3663 mentis
1440 3608 1594 3680 deliquium
1622 3627 1719 3681 passus

921 3704 998 3759 Unde
1015 3701 1165 3773 resumptis
1180 3698 1380 3771 aliquantulum
1400 3698 1503 3753 viribus
1525 3715 1585 3754 sese
1606 3701 1729 3773 erigens,

920 3794 1012 3851 denuo
1031 3793 1066 3848 ad
1095 3792 1225 3848 lectulum
1242 3792 1413 3862 deportatus,
1429 3798 1457 3846 ct
1471 3791 1619 3863 tranquilla
1638 3792 1730 3863 quiete

920 3882 1063 3954 paululum
1076 3887 1231 3952 soporatus,
1255 3879 1358 3934 nullam
1376 3878 1464 3951 ipsius
1484 3878 1573 3935 morbi
1594 3879 1728 3951 deinceps

62 3983 160 4055 partim
182 3980 310 4037 incendio
330 3979 472 4046 demolita,
497 3980 585 4035 risum
607 3986 649 4035 est
677 3978 769 4035 abbati
793 3979 868 4034 Gnil·
919 3971 1007 4026 sensit
1047 3969 1213 4045 angustiam·
1247 3968 1379 4041 Cognovit
1412 3983 1477 4044 erqo
1508 3968 1644 4040 potiorem
1671 3968 1728 4024 socc

61 4073 145 4128 lelrno
176 4071 242 4142 (Ἡ),
260 4069 401 4124 adnitente
417 4068 532 4124 0dilone
553 4069 611 4124 viro
638 4068 725 4139 probo
742 4067 866 4137 ejusdem
920 4060 1000 4135 [esse]
1018 4062 1182 4117 medicinam
1200 4060 1398 4134 oninipotentis
1413 4060 1521 4116 bomini
1534 4077 1684 4133 exposcere
1701 4063 1728 4117 in

62 4161 185 4218 basilicae
198 4160 310 4224 aedituo,
324 4165 403 4213 vetus
417 4157 558 4224 demoliri,
573 4163 600 4212 et
615 4173 715 4213 novum
732 4172 803 4227 opus
818 4171 867 4229 pro
918 4157 1079 4213 infirmitate
1094 4155 1283 4224 clementiam,
1298 4171 1380 4226 quant
1394 4155 1420 4208 in
1437 4155 1619 4225 pretiosarum
1636 4155 1728 4210 succis

61 4263 153 4312 vetere
164 4252 324 4307 instaurare.
338 4250 395 4314 Qua
408 4249 443 4304 de
460 4254 584 4304 reactum
601 4255 654 4315 est,
668 4257 697 4304 ut
708 4248 867 4304 veneranda
918 4256 945 4305 et
959 4249 1065 4306 viribus
1078 4246 1218 4304 confidere
1229 4245 1388 4301 herbarum.

62 4336 865 4413 ciusdemPatrismembra,quaeiuarcaligneaerantrc-
956 4340 1018 4395 Car.
1046 4337 1135 4393 lllllll.
1161 4369 1193 4376 -
1212 4340 1353 4400 Qttoestura
1380 4336 1722 4391 concamerationem

61 4431 291 4499 condita‚scrinio
306 4446 384 4486 aeneo
399 4428 690 4485 eaobdurabilitatem
704 4430 870 4486 intrinsecus
919 4435 1041 4483 sanutus.
1068 4425 1142 4480 Unus
1170 4441 1203 4480 ex
1223 4423 1363 4490 iratribus,
1383 4430 1568 4498 cognomento
1584 4421 1725 4478 Gallcber-

62 4523 213 4588 ambiente,
231 4535 343 4575 neccsse
367 4518 438 4574 leret
453 4519 487 4573 de
503 4520 600 4574 eadem
617 4535 681 4574 arca
697 4519 868 4587 abstrahere,
920 4527 974 4588 tus,
1002 4519 1050 4592 qui
1077 4516 1259 4573 cementariis
1288 4514 1377 4570 luerat
1405 4513 1553 4586 praelectus
1576 4521 1724 4585 praetaxato

62 4627 90 4673 et
115 4617 184 4672 alias
203 4616 256 4670 alio
273 4615 301 4668 in
317 4613 415 4669 locello
435 4612 536 4668 locare.
554 4613 591 4667 lle
611 4613 689 4684 cujus
709 4628 780 4668 arcae
800 4613 866 4668 reli·
916 4612 994 4684 operi
1007 4609 1208 4674 insistentibus,
1225 4606 1352 4678 pecuniis
1367 4605 1459 4661 minus
1477 4606 1724 4678 aliquandeabun-

59 4713 133 4785 qniis
161 4713 245 4766 multa
262 4709 386 4764 remedia
415 4715 579 4780 praestantur
595 4707 712 4763 infirmis
740 4708 866 4777 eiusdem
917 4705 1060 4772 dans,ibat
1075 4701 1240 4759 circumiens
1254 4700 1313 4756 loca
1330 4699 1495 4771 plurima,et
1510 4701 1615 4755 ducens
1628 4717 1723 4757 secum

60 4802 147 4857 Patris
162 4799 277 4865 meritis,
293 4799 371 4867 eujus
384 4797 553 4852 venerabilia
568 4813 630 4853 ossa
643 4796 769 4852 ambivit.
783 4798 867 4853 lieni·

60 4910 114 4966 que
130 4892 289 4966 quicunque
306 4889 532 4956 febricitantium,
549 4889 607 4944 sive
618 4889 799 4962 quotidianis,
815 4908 864 4949 seu

61 4983 196 5050 tertianis
208 4981 252 5037 vel
261 4979 401 5051 quartanis
409 4978 539 5034 detentus
549 4979 633 5034 suerit
648 4981 748 5052 typhis,
759 4981 782 5037 si
794 4998 866 5055 aqua

59 5082 105 5132 aut
117 5090 180 5130 vino
203 5072 298 5128 laverit
313 5071 434 5143 aliquam
450 5070 610 5142 particulam
626 5071 763 5145 liguomm
778 5074 866 5145 ipsius

58 5182 137 5225 areae,
159 5169 186 5218 et
200 5160 326 5218 eamdem
338 5159 480 5231 potionem
494 5159 549 5216 tide
562 5160 717 5232 opitulante
733 5163 864 5230 hauserit,

95 5344 148 5414 [Ὦ]
164 5339 325 5397 Guillelmus
344 5340 430 5395 abbas
445 5341 556 5412 ponitur
568 5342 649 5397 annis
666 5342 733 5400 1062
747 5352 775 5399 et
794 5344 865 5402 tots

57 5418 86 5472 in
97 5414 193 5470 fusiori
214 5410 301 5467 Gallia
310 5409 473 5466 Christiana.

93 5486 148 5559 (23)
162 5484 286 5540 Vetanus
309 5482 401 5537 nullus
415 5490 458 5539 est
472 5483 500 5539 in
525 5484 642 5559 vulgatis
661 5486 800 5542 indicibus
814 5487 864 5542 ab·

56 5559 149 5616 batum
165 5553 390 5620 Fletiacensium,
403 5554 451 5628 qui
465 5556 578 5629 quidem
597 5557 721 5614 Vetanus
736 5573 794 5616 non
814 5558 863 5616 ab·

917 4794 1137 4859 seminiverbios,
1149 4809 1265 4866 quorum
1273 4790 1462 4846 admonitione
1474 4791 1590 4846 excitata
1603 4791 1723 4847 virorum

915 4898 942 4946 et
963 4887 1109 4943 mulierum
1125 4885 1218 4951 corda,
1241 4882 1334 4939 saeculi
1357 4882 1477 4957 negotiis
1501 4882 1615 4950 irretita,
1630 4882 1725 4954 aliquo

915 4979 1058 5055 suffragio,
1076 4979 1129 5034 etsi
1145 4977 1265 5044 modico,
1282 4975 1424 5048 penuriam
1437 4975 1525 5046 ipsius
1538 4975 1723 5031 sublevarent.

916 5074 984 5128 llum
1000 5087 1066 5147 ergo
1085 5070 1301 5141 circumquaque
1316 5066 1494 5129 discurreret,
1509 5066 1655 5123 vitriacum
1670 5066 1726 5138 (dl)

918 5163 1048 5232 advenit;
1064 5162 1111 5235 qui
1127 5162 1204 5216 locus
1214 5158 1314 5234 regalis
1329 5156 1423 5230 palatii
1444 5155 1655 5213 honoriticentia
1671 5170 1724 5211 no-

915 5345 974 5411 bas,
993 5343 1042 5399 sed
1058 5349 1148 5397 rector
1162 5355 1212 5395 scu
1238 5346 1362 5405 curatus,
1379 5344 1410 5394 ut
1429 5344 1538 5404 vocant,
1563 5333 1723 5390 Floriacen-

915 5416 985 5472 sium
1002 5414 1088 5470 luisse
1103 5411 1221 5468 videtur.
1548 5476 1553 5487 ι
1621 5475 1626 5487 ¹

951 5485 1007 5558 (tt)
1035 5489 1107 5556 Vitrq
1129 5483 1157 5538 in
1181 5483 1251 5540 silvo
1277 5480 1478 5547 Aurelianensi,
1506 5478 1554 5534 ubr
1586 5483 1725 5548 prioratus

915 5558 1039 5617 l'loriaco
1053 5556 1204 5627 subjectus.
