3720 6014
127 214 176 271 'l'll
737 209 910 266 stanneum
930 206 1184 265 Ganutncensls.
1753 190 1807 249 Ti!

127 338 232 396 antium
251 335 342 402 turba,
364 351 415 408 per
430 350 504 403 eam,
516 340 544 390 et
557 349 608 405 per
622 342 648 388 te
663 332 755 389 adulta
767 342 827 395 est:
844 341 871 390 et
885 333 932 391 ubi
948 338 1072 407 Asuper
1096 345 1194 388 omnes
1220 325 1365 401 principes
1403 323 1586 395 Francorum,
1627 318 1719 390 cujus
1747 314 1809 393 glo-

126 429 236 504 dignius
262 443 324 483 ossa
344 427 404 496 eius
419 427 567 498 quiescent
581 441 663 497 quam
679 425 735 493 hie,
750 426 797 481 ubi
814 442 937 497 praescn-
986 424 1055 480 riam
1090 422 1228 497 augebant
1263 415 1353 475 crebri
1392 415 1568 472 victoriarum
1598 410 1692 469 tituli.
1724 409 1810 474 Quem

126 519 227 576 tialitcr
242 524 282 574 tot
296 518 433 574 bonorum
450 519 511 588 ejus
526 533 644 587 operum
663 524 797 589 apparent
811 518 936 576 testimo
985 515 1020 572 ad
1056 515 1185 571 virtutem
1216 511 1333 567 incitare
1372 513 1499 579 poterant
1539 505 1640 561 saltem
1687 501 1811 557 deducta

126 608 240 665 mallit
267 608 325 664 haec
350 608 460 681 quidem
484 607 586 672 omnia,
616 609 698 664 etiam
724 615 779 665 tuae
803 608 935 665 sanctita·
985 605 1020 662 ab
1039 613 1156 677 utroque
1175 607 1290 674 parente
1314 599 1445 656 nobilitas
1458 602 1486 654 et
1512 594 1676 652 sanctitatis
1704 590 1814 648 mouu·'

124 697 159 753 tis
178 697 286 762 merita,
317 696 472 765 lamberte,
501 697 687 764 accumulant,
716 697 782 752 dum
802 712 853 769 per
883 703 936 755 tua
987 700 1091 751 menta.

124 786 318 859 pastoralitatis
345 786 479 854 studium,
514 786 559 842 hic
584 792 612 842 ct
636 786 737 844 merito
765 793 793 842 et
819 803 936 845 numero
1025 787 1057 842 Ut
1072 786 1146 842 enim
1159 784 1257 840 sileam
1270 783 1306 837 de
1324 780 1468 836 sanctitate
1484 777 1630 833 Gertrudis
1643 781 1809 831 materterae

124 889 206 937 aneto
233 879 357 937 fidelium
380 881 483 953 populo
512 880 577 938 fidei
596 888 624 937 et
649 881 759 939 virtutis
785 882 937 938 exuberant
989 879 1059 948 ejus,
1075 878 1119 932 vel
1145 873 1301 946 clodulphi,
1329 866 1645 939 filiisanctihrnulphi,
1674 863 1811 921 hleteusis
1852 888 1854 961 p

124 969 207 1027 dona.
856 954 865 965 ⁶
989 969 1125 1041 episcopi,
1137 966 1185 1040 qui
1196 965 1247 1022 luit
1258 963 1383 1036 patrinus
1395 961 1493 1033 ipsius,
1503 958 1566 1033 quis
1575 965 1688 1014 sanctae
1697 956 1818 1032 Beggae,

160 1057 321 1114 lambertus
332 1057 455 1115 offensus
477 1058 631 1131 pervicacia
656 1058 798 1116 omnium:
824 1060 935 1116 Gratum
985 1061 1080 1117 matris
1093 1059 1164 1130 ejus,
1180 1058 1263 1114 vitam
1279 1071 1334 1112 uon
1349 1052 1483 1109 miretur?
1497 1051 1565 1117 Quis
1581 1049 1692 1105 nesciat
1705 1046 1810 1104 saneti·

126 1156 179 1219 est,
193 1151 294 1225 inquit,
315 1167 434 1223 praeesse
455 1152 571 1216 civibus,
588 1151 636 1207 sed
651 1167 733 1223 graue
748 1159 789 1208 est
806 1151 935 1209 omnibus
985 1153 1105 1209 moniam
1122 1147 1285 1222 paterniani
1300 1147 1361 1217 ejus
1376 1143 1520 1215 arnulphi,
1537 1142 1585 1214 qui
1602 1141 1700 1213 primo
1721 1139 1810 1210 major

127 1243 246 1317 placere.
263 1244 343 1313 Ecce,
359 1244 424 1317 quia
436 1259 528 1300 sermo
547 1243 595 1299 bei
613 1251 641 1299 et
656 1259 735 1299 meus
746 1260 801 1301 non
818 1245 891 1316 capit
904 1245 932 1300 in
986 1245 1085 1300 domus
1097 1243 1179 1317 regis,
1200 1247 1271 1312 post,
1290 1237 1420 1294 lletensis
1434 1236 1594 1306 episcopus,
1616 1239 1646 1290 et
1667 1233 1698 1288 in
1715 1232 1773 1288 rita
1784 1239 1809 1289 ct

124 1336 205 1394 vobis
232 1337 319 1409 (Jocrr.
336 1354 391 1393 mn.
421 1337 476 1408 37),
494 1353 543 1394 ros
569 1337 786 1393 omuesinvitus
810 1354 934 1410 sequar;
985 1333 1015 1388 iu
1035 1339 1122 1388 morte
1150 1328 1284 1384 mirabilis
1311 1324 1417 1382 mundo
1437 1322 1512 1379 tunt
1539 1323 1600 1379 lam
1624 1336 1698 1378 vero
1726 1320 1807 1376 ctiam

125 1437 217 1488 certus
235 1447 295 1488 sum
319 1438 411 1487 tamen
426 1430 627 1502 qniacoelestis
651 1431 756 1488 oraculi
771 1447 827 1488 non
849 1430 938 1488 deerit
986 1426 1106 1483 liliorum
1136 1424 1197 1494 ejus
1226 1421 1350 1494 potentia
1374 1419 1485 1493 vigebat
1512 1417 1542 1472 in
1570 1431 1676 1490 regno,
1702 1431 1718 1470 e
1747 1414 1809 1486 qni-

126 1517 251 1576 effectus.
987 1517 1040 1571 bus
1080 1515 1170 1588 Drogo
1210 1512 1265 1566 dux
1305 1514 1364 1564 erat
1401 1505 1632 1578 Campancnsium
1678 1504 1713 1558 At
1739 1502 1804 1558 Gri-

162 1609 323 1666 Lambertus
346 1609 439 1685 igitur,
458 1611 567 1684 sepulta
586 1617 680 1666 sancta
706 1609 826 1685 virgine,
849 1611 937 1684 magis
986 1603 1112 1659 moaldns
1139 1598 1343 1656 haereditarium
1372 1595 1457 1668 patris
1484 1592 1676 1666 principatum
1703 1606 1805 1663 exspe-

126 1716 161 1757 ex
182 1699 374 1774 populiquam
401 1717 499 1758 cxsno
520 1702 631 1774 placito,
653 1701 745 1757 animo
777 1700 936 1769 lluctuabat,
986 1697 1087 1754 ctabat.
1116 1693 1170 1750 llos
1189 1692 1228 1748 illi
1252 1693 1387 1765 genuerat
1405 1685 1529 1759 legitima
1551 1683 1724 1754 suaconjnx
1743 1682 1808 1738 l’te·

128 1788 193 1846 hine
216 1790 251 1846 de
275 1789 379 1846 coelesti
409 1791 521 1846 oraculo
546 1800 650 1857 certus,
676 1791 753 1846 illine
770 1791 890 1845 incertus
904 1790 939 1846 de
988 1787 1104 1845 ctrudis.
1815 1806 1818 1810 ·

126 1881 235 1953 sepulto
263 1881 377 1954 virginis
396 1883 572 1954 corpusculo.
598 1882 636 1937 Ob
665 1883 818 1949 hoc‚omni
841 1880 938 1938 orandi
1025 1881 1055 1936 Et
1073 1895 1136 1936 cum
1164 1876 1281 1949 Pippino
1308 1869 1582 1946 nihilgloriae,uilril
1611 1865 1809 1941 potenliaevel

129 1972 212 2028 modo
232 1989 262 2028 se
278 1973 420 2040 addicens,
440 1973 583 2045 qnaerubat
612 1989 669 2029 rem
686 1973 720 2028 ab
741 1988 775 2029 co
798 1973 843 2028 cui
870 1973 940 2029 nihil
989 1969 1132 2026 felicitatis
1151 1966 1273 2031 deesset,
1304 1978 1445 2035 nunquam
1475 1960 1501 2016 ei
1529 1972 1614 2031 super
1640 1954 1820 2013 industriam

127 2060 303 2132 impossibile
322 2061 504 2117 essesciebat
523 2061 598 2132 (Luc.
615 2063 706 2128 r,57t.
728 2059 940 2117 Sicexactctri·
988 2059 1174 2118 lartuualuit.
1197 2057 1217 2112 t)
1242 2055 1312 2110 nihil
1341 2068 1463 2125 uuquam
1490 2059 1579 2108 tutum
1606 2047 1685 2121 apud
1715 2046 1810 2103 diabo-

129 2149 195 2213 duo,
208 2159 360 2207 convocato
373 2152 487 2223 populo,
501 2151 554 2206 ait:
569 2150 707 2226 Virginem
723 2150 821 2206 Christi
835 2149 942 2222 pridem
992 2148 1066 2206 luml
1083 2149 1124 2205 vir
1134 2158 1187 2202 tam
1202 2145 1366 2201 victoriosus
1381 2141 1517 2213 deseipso
1532 2155 1588 2196 non
1602 2138 1700 2211 potuit
1714 2137 1809 2193 trium·

128 2237 299 2306 defunctam,
316 2241 637 2311 restroetiamjudicio,
658 2241 751 2315 magui
780 2241 842 2297 dica
858 2240 942 2296 luisse
992 2243 1090 2314 phare.
1117 2246 1145 2297 et
1168 2238 1287 2294 ferreum
1309 2242 1406 2308 pectus
1432 2248 1513 2289 suum
1542 2246 1643 2303 passus
1673 2228 1821 2302 perforari

124 2418 181 2488 jnm
204 2435 265 2475 cum
282 2418 388 2475 Christo
410 2420 564 2495 regnantis,
590 2420 658 2476 mihi
679 2420 829 2477 indicatum
847 2429 939 2476 teneo.
992 2426 1104 2482 nomine
1123 2424 1278 2494 alpaidem,
1294 2417 1457 2491 superduxit
1475 2416 1608 2491 legitimae
1621 2413 1739 2486 conjugi
1753 2427 1810 2469 sure

129 2508 206 2577 ¹⁶00,
232 2526 268 2566 ¹¹0
281 2511 433 2582 gravemini
451 2512 524 2583 quod
544 2528 654 2584 precor,
671 2521 700 2569 ut
715 2520 809 2584 aperta
825 2510 942 2587 virginis
993 2519 1139 2582 Plectrudi,
1158 2534 1191 2574 ex
1208 2533 1260 2590 qua
1273 2515 1356 2571 etiam
1372 2511 1495 2584 suscepit
1509 2509 1597 2565 filium
1621 2507 1747 2572 Carlum,
1767 2506 1810 2563 cni

130 2601 235 2665 tumba,
254 2619 311 2658 rem
326 2602 414 2676 ipsam
432 2604 521 2660 oculis
539 2605 733 2677 experiamini.
749 2605 789 2660 nb
810 2604 941 2662 omnibus
991 2622 1097 2685 postea,
1126 2617 1239 2684 propter
1264 2607 1425 2663 indomitam
1452 2602 1575 2659 bellandi
1601 2601 1810 2666 fortitudinem,

129 2692 259 2749 obeditur
273 2693 310 2762 ri,
334 2695 429 2751 tumba
443 2697 577 2766 aperitur,
594 2696 644 2752 scd
666 2696 734 2752 nihil
749 2697 886 2768 reperitur
906 2697 941 2753 de
990 2702 1101 2759 tudens
1137 2702 1194 2757 siue
1220 2696 1359 2754 llartellns
1385 2709 1522 2767 agnomen
1545 2691 1605 2746 luit.
1637 2689 1706 2746 llaec
1730 2703 1810 2745 soror

128 2790 224 2840 sancto
236 2784 274 2840 ibi
289 2787 399 2857 sepulto
410 2802 537 2858 corpore,
547 2803 610 2842 cum
623 2789 684 2858 ipso
699 2787 944 2861 sarcophagoalias
994 2800 1052 2848 erat
1066 2790 1196 2852 hodonis,
1214 2787 1262 2860 qui
1277 2785 1447 2842 domesticus
1458 2780 1567 2853 Pippini
1584 2778 1727 2851 principis
1741 2783 1809 2844 erat,

128 2875 305 2945 transposito.
328 2876 452 2948 Expallet
477 2878 569 2933 vultus
600 2878 736 2945 omnium,
759 2878 835 2934 solus
864 2878 943 2933 Lam·
994 2887 1037 2942 vir
1065 2886 1164 2958 plenus
1186 2881 1295 2954 opibus,
1323 2893 1427 2954 genere
1454 2876 1555 2942 clarus,
1579 2889 1632 2944 pcr
1652 2872 1764 2929 amicos
1783 2877 1811 2927 el

128 2968 222 3024 bellus
229 2969 343 3044 gaudet,
357 2976 385 3025 0²
395 2969 527 3025 ³11⁰¹¹il0⁸
541 2977 654 3041 paterne
667 2970 844 3026 demulceus:
863 2971 940 3038 Quia,
994 2987 1135 3053 cognatos.
1148 2982 1175 3030 ct
1190 2973 1291 3029 multos
1302 2971 1357 3026 sihi
1370 2970 1557 3040 obsequentes
1570 2979 1676 3037 pueros
1694 2962 1824 3019 multam·

130 3054 232 3128 inquit,
246 3055 430 3111 diflidentiam
446 3063 565 3112 uestram
585 3057 690 3128 experti
706 3058 784 3124 estis,
796 3058 851 3126 jam
869 3073 942 3113 nunc
956 3024 980 3094 C
992 3071 1143 3142 potentiam
1155 3072 1297 3122 assecutus
1311 3064 1338 3118 in
1354 3077 1449 3137 regno.

129 3141 178 3198 Dei
193 3141 399 3198 mirificentiam
415 3143 600 3215 experiamur,
620 3153 649 3200 ct
664 3145 691 3200 in
706 3144 766 3200 laco
782 3145 851 3200 mihi
867 3146 942 3202 desi·
1027 3161 1091 3217 Cum
1121 3167 1213 3214 aurem
1234 3156 1325 3212 nultus
1351 3163 1425 3210 asset
1447 3152 1643 3224 episcoporum
1660 3147 1710 3220 qui
1724 3152 1813 3202 staret

130 3243 225 3312 κῡᾶῑῠι
241 3238 328 3293 sancii
343 3239 467 3309 corporis
483 3239 591 3314 glebam
611 3256 775 3311 queramus.
802 3241 839 3296 Eo
858 3240 939 3308 duce,
990 3249 1159 3314 exadversc
1174 3254 1202 3303 ct
1214 3250 1369 3317 opponeret
1380 3258 1410 3298 se
1424 3256 1533 3297 murum
1551 3254 1599 3310 pro
1610 3238 1697 3293 domo
1711 3235 1809 3303 lsrael,

131 3327 361 3385 Wesslefflhmffl
376 3330 508 3397 curritur;
535 3330 594 3403 qui,
615 3337 708 3387 menie
719 3341 747 3386 θῑ
760 3332 849 3387 Oculis
864 3332 939 3388 rele-
991 3351 1021 3397 ut
1034 3346 1118 3398 staret
1129 3343 1158 3395 tn
1177 3339 1286 3394 ballein
1299 3338 1343 3392 die
1359 3336 1466 3390 Domini
1479 3336 1566 3403 (Erec.
1585 3347 1645 3397 xnr,
1666 3331 1707 3402 5).
1728 3329 1812 3384 Lam·

130 3436 200 3495 gens
216 3421 338 3478 coelestis
356 3423 429 3498 signi
456 3431 567 3480 ostensa
586 3422 640 3479 sibi
666 3424 795 3497 vestigia,
824 3424 945 3481 ostendit
994 3433 1087 3488 bertus
1122 3432 1222 3496 sotus,
1260 3429 1317 3484 zeto
1347 3427 1450 3482 zelatus
1486 3440 1536 3496 pro
1576 3424 1657 3478 doato
1701 3414 1824 3476 Domini

130 3511 223 3568 locum
239 3512 445 3587 beneplacitum
465 3515 728 3589 sanctaevirgini.0
750 3532 808 3572 rem
824 3516 941 3573 novaml
995 3520 1117 3591 (uturp.
1145 3517 1274 3589 xinde),
1305 3521 1463 3588 opportune,
1487 3515 1642 3584 importune
1672 3507 1812 3583 arguebat

134 3603 173 3660 ibi
187 3607 276 3662 sancti
292 3607 417 3679 corporis
436 3607 557 3682 plebum,
580 3624 642 3664 cum
671 3609 731 3695 ipso
758 3609 941 3683 sarcophago,
992 3611 1146 3683 principem
1163 3610 1200 3681 (ll
1213 3609 1281 3662 Tim.
1302 3622 1338 3672 rr,
1357 3606 1399 3674 2),
1415 3613 1443 3659 et
1464 3603 1580 3658 alterum
1595 3615 1625 3655 sc
1652 3595 1827 3664 Ellam,rel‘

134 3703 345 3770 transportatam
374 3699 529 3766 inveniunt,
565 3707 619 3756 tam
649 3700 802 3772 composite
830 3707 942 3773 tamque
992 3703 1127 3760 loannem
1147 3701 1305 3759 exhibebat.
1329 3699 1407 3764 Quod
1426 3696 1510 3753 animi
1528 3694 1648 3751 habebat
1674 3691 1811 3748 lleradias

134 3783 267 3842 decesslef
291 3789 440 3844 l0¹⁰⁰³¹³m
462 3792 492 3843 11²
520 3787 589 3842 nulli
617 3798 691 3845 05801
710 3789 824 3845 dubium
852 3807 941 3863 ange·
992 3815 1054 3855 cum
1075 3797 1197 3854 llerodes
1222 3794 1334 3861 loanni,
1354 3809 1416 3848 eum
1445 3807 1495 3863 pro
1516 3787 1654 3844 adulterio
1668 3784 1811 3862 arguenlil

132 3878 188 3934 lico
215 3880 369 3936 ministeriu
389 3886 511 3936 sanctam
538 3880 670 3954 virginem
692 3882 757 3939 illuc
784 3884 941 3941 translatam
993 3889 1113 3945 libenter
1128 3886 1355 3945 accommodabat
1369 3899 1476 3949 aurem,
1491 3883 1545 3937 hoc
1568 3878 1655 3934 animi
1685 3877 1826 3934 hahebat·

133 3963 229 4021 flim-
994 3981 1077 4038 ctiam
1102 3980 1205 4052 Alpais,
1234 3994 1295 4034 cum
1323 3975 1457 4048 Pippinus
1484 3971 1640 4036 lamberto,
1666 3985 1732 4025 eum
1759 3985 1809 4042 pro

169 4057 302 4114 attollunt
314 4059 407 4116 cuncti
421 4060 470 4115 Dei
484 4061 609 4128 virtutes,
630 4078 715 4133 super
731 4063 824 4119 omnia
844 4065 944 4136 praedi-
994 4070 1123 4142 pellicatu
1160 4084 1210 4124 suo
1232 4065 1368 4142 arguenti,
1401 4061 1558 4120 obediebat.
1594 4057 1745 4130 Equidem,
1771 4054 1811 4110 rir

133 4156 197 4206 cant
216 4147 299 4205 fidem
313 4156 340 4205 et
355 4150 605 4227 meritumgloricsi
618 4152 763 4217 Lambcrti,
780 4155 858 4225 cujus
876 4171 942 4212 con·
994 4162 1061 4218 alias
1075 4160 1223 4217 laudabilis
1240 4167 1269 4216 et
1284 4158 1438 4233 religiosus,
1465 4156 1517 4212 hoc
1537 4160 1665 4223 excepto,
1687 4150 1808 4205 multam

132 4243 248 4296 anantio
259 4241 319 4310 jum
330 4243 361 4296 tn
377 4242 521 4297 actitarat
536 4241 647 4313 (Philip.
663 4259 704 4308 ur,
728 4242 786 4314 not,
816 4246 943 4317 quamvis
994 4251 1130 4307 Lambcrti
1143 4249 1348 4321 jucundabatur
1372 4245 1506 4310 consiliis,
1522 4250 1550 4298 ct
1563 4240 1679 4296 monitis
1704 4239 1809 4295 flecte·

133 4343 251 4400 corpore
266 4329 357 4386 adhuc
367 4336 509 4386 teneretur
530 4330 559 4385 in
578 4331 675 4399 servis,
696 4332 724 4388 in
739 4349 794 4405 quo
812 4333 1087 4410 videbantDbatur3
1103 4343 1160 4415 qni,
1188 4342 1212 4396 si
1227 4347 1363 4397 amantem
1392 4337 1522 4410 pellicem
1551 4332 1647 4388 fallere
1668 4329 1810 4402 potuisset

134 4420 242 4493 impleri
258 4420 331 4476 illam
347 4421 456 4478 bomini
472 4438 587 4478 rocem:
603 4424 703 4480 Oriente
715 4427 859 4495 possibilia
882 4433 945 4484 sunt
995 4432 1124 4487 nimirum
1152 4432 1260 4488 lucrose
1279 4430 1402 4487 audisset
1428 4443 1458 4484 se
1481 4425 1580 4482 merito
1608 4423 1808 4493 increpantem

133 4511 253 4567 credenti
275 4512 371 4583 (Marc.
388 4529 425 4580 x1,
441 4512 498 4584 22).
524 4512 544 4568 0
571 4512 659 4569 virum
688 4514 802 4591 dignum
817 4515 883 4584 Deo,
900 4518 943 4573 cui
995 4524 1151 4598 praesulem.

135 4603 204 4659 nibil
218 4602 296 4658 deest
310 4603 344 4658 ad
359 4604 539 4675 perfectiouis
551 4607 703 4674 cumulum,
713 4614 837 4678 paratum
847 4624 944 4665 ascen·
1299 4614 1402 4670 CAPUT
1421 4613 1498 4667 liVll.

135 4693 202 4749 dere
216 4693 299 4749 eliam
315 4695 350 4751 ad
364 4695 438 4751 illam
460 4695 633 4765 charitalem,
648 4714 702 4770 ‘11¹²
716 4700 846 4769 majorem
870 4716 945 4757 nemo
994 4711 1031 4764 De
1048 4708 1113 4764 bello
1134 4713 1259 4780 nepotum
1290 4708 1406 4764 bodone
1430 4710 1523 4761 contra
1546 4704 1687 4772 familiam
1716 4703 1812 4759 sancit

135 4779 224 4845 hebet,
249 4784 280 4835 ut
306 4784 428 4838 animam
451 4799 530 4840 suom
546 4791 631 4855 ponat
658 4801 709 4855 pra
740 4789 836 4844 amicis
863 4787 942 4844 scial
1327 4779 1471 4835 flamberti·

134 4873 223 4938 ticon.
239 4889 284 4940 xv,
301 4874 455 4942 l3)lluam
475 4878 549 4932 enim
574 4879 836 4955 majoremgloriam
865 4882 944 4940 daret
1029 4886 1120 4943 Pellex
1144 4903 1200 4943 rem
1223 4887 1256 4943 ad
1284 4886 1395 4942 fratrem
1426 4902 1507 4941 suum
1540 4883 1681 4940 hodonem
1709 4883 1808 4951 refert,

134 4963 191 5020 llex
206 4980 256 5022 suo
276 4967 393 5023 emerito
408 4968 500 5034 militi,
517 4987 598 5042 quam
614 4981 645 5027 ut
660 4982 820 5030 coronatum
841 4983 942 5048 marty·
992 4975 1072 5046 eique
1096 4991 1178 5032 ornae
1206 4975 1354 5032 consilium
1383 4991 1461 5030 suum
1483 4972 1613 5029 deferens
1627 4982 1764 5044 precatur
1779 4983 1809 5031 ut

132 5053 310 5121 rio,donarct
324 5054 385 5110 luce
399 5059 630 5130 aeteruaequictis.
991 5066 1052 5134 ejus
1070 5083 1123 5138 ope
1144 5069 1286 5124 aboleatur
1309 5066 1489 5139 opprobrium
1513 5065 1625 5141 generis
1655 5064 1710 5131 sni,
1734 5066 1809 5138 quod

170 5142 234 5211 Nos,
250 5150 280 5199 ut
292 5150 445 5200 extremam
461 5162 572 5202 manum
587 5149 664 5220 operi
686 5151 871 5223 imponamus,
884 5154 942 5224 J'am
993 5154 1076 5209 nimis
1091 5156 1273 5213 invalesceret
1296 5158 1319 5212 si
1334 5173 1383 5228 per
1398 5154 1533 5211 lamberti
1560 5170 1721 5222 censuram,
1737 5171 1809 5212 con-

136 5251 211 5295 nnnc
223 5239 361 5310 passionis
380 5240 440 5308 eJ'us
456 5241 584 5298 vexillum
601 5245 750 5320 erigamus.
994 5246 1115 5322 tingeret
1138 5265 1218 5305 suum
1247 5266 1264 5305 a
1286 5247 1413 5321 principe
1435 5246 1594 5303 divortium.
1612 5246 1672 5315 llle,
1693 5261 1809 5304 causam

446 5349 549 5407 CAPUT
563 5352 627 5407 xtt1,
996 5357 1075 5396 suam
1101 5348 1129 5396 et
1155 5341 1274 5408 sororis,
1304 5357 1366 5397 cum
1397 5338 1597 5395 valentioribus
1624 5338 1669 5394 sui
1693 5339 1811 5414 generis

167 5437 245 5502 Quod
260 5440 420 5496 namnetas
436 5443 583 5513 pippinum
602 5449 724 5513 armar
741 5463 793 5519 pm
815 5451 912 5507 aaaron,
996 5433 1213 5501 communicans,
1230 5450 1280 5505 per
1298 5448 1338 5500 se,
1365 5438 1393 5488 et
1408 5447 1457 5503 per
1471 5446 1519 5487 cos
1537 5430 1702 5502 episcopum
1730 5447 1811 5489 com-

191 5596 196 5607 ·
241 5598 246 5609 .
448 5517 630 5571 mmmm·
996 5541 1110 5596 pascere
1132 5527 1167 5583 ab
1186 5524 1377 5597 increpatione
1407 5523 1541 5597 principis
1573 5522 1690 5580 laborat.
1719 5524 1826 5591 Quem·

168 5594 312 5669 Prpprnns,
336 5607 366 5658 ut
389 5605 577 5677 prediximus,
608 5608 819 5681 principabatur
833 5614 945 5690 egregie
996 5617 1062 5688 quia
1075 5617 1179 5675 invenit
1190 5616 1383 5684 inflexibilem,
1398 5631 1450 5673 nec
1463 5615 1560 5671 faciem
1574 5615 1695 5686 alicujus
1708 5623 1810 5673 contra
