<?xml version="1.0" encoding="UTF-8"?>
<!DOCTYPE html PUBLIC "-//W3C//DTD XHTML 1.0 Transitional//EN"
    "http://www.w3.org/TR/xhtml1/DTD/xhtml1-transitional.dtd">
<html xmlns="http://www.w3.org/1999/xhtml" xml:lang="en" lang="en">
 <head>
  <title>
</title>
<meta http-equiv="Content-Type" content="text/html;charset=utf-8" />
  <meta name='ocr-system' content='tesseract 3.04.00' />
  <meta name='ocr-capabilities' content='ocr_page ocr_carea ocr_par ocr_line ocrx_word'/>
</head>
<body>
  <div class='ocr_page' id='page_1' title='image "./patrologiaecurs69unkngoog_0549.png"; bbox 0 0 3720 6014; ppageno 0'>
   <div class='ocr_carea' id='block_1_1' title="bbox 155 196 225 253">
    <p class='ocr_par' dir='ltr' id='par_1_1' title="bbox 155 196 225 253">
     <span class='ocr_line' id='line_1_1' title="bbox 155 196 225 253; baseline -0.029 0"><span class='ocrx_word' id='word_1_1' title='bbox 155 196 225 253; x_wconf 74' lang='lat' dir='ltr'>lost</span> 
     </span>
    </p>
   </div>
   <div class='ocr_carea' id='block_1_2' title="bbox 757 196 1192 254">
    <p class='ocr_par' dir='ltr' id='par_1_2' title="bbox 757 196 1192 254">
     <span class='ocr_line' id='line_1_2' title="bbox 757 196 1192 254; baseline -0.002 -2"><span class='ocrx_word' id='word_1_2' title='bbox 757 199 787 252; x_wconf 88' lang='lat' dir='ltr'>B.</span> <span class='ocrx_word' id='word_1_3' title='bbox 809 197 928 254; x_wconf 85' lang='lat' dir='ltr'>ODONiS</span> <span class='ocrx_word' id='word_1_4' title='bbox 948 196 1067 252; x_wconf 72' lang='lat' dir='ltr'>debeb.</span> <span class='ocrx_word' id='word_1_5' title='bbox 1090 196 1192 253; x_wconf 83' lang='lat' dir='ltr'>EPiSC.</span> 
     </span>
    </p>
   </div>
   <div class='ocr_carea' id='block_1_3' title="bbox 1759 196 1822 250">
    <p class='ocr_par' dir='ltr' id='par_1_3' title="bbox 1759 196 1822 250">
     <span class='ocr_line' id='line_1_3' title="bbox 1759 196 1822 250; baseline 0.016 -1"><span class='ocrx_word' id='word_1_6' title='bbox 1759 196 1822 250; x_wconf 77' lang='lat'>1088</span> 
     </span>
    </p>
   </div>
   <div class='ocr_carea' id='block_1_4' title="bbox 153 323 1858 421">
    <p class='ocr_par' dir='ltr' id='par_1_4' title="bbox 153 323 1858 421">
     <span class='ocr_line' id='line_1_4' title="bbox 153 323 1858 421; baseline 0.002 -44"><span class='ocrx_word' id='word_1_7' title='bbox 153 325 200 378; x_wconf 87' lang='lat' dir='ltr'>bot</span> <span class='ocrx_word' id='word_1_8' title='bbox 216 323 329 390; x_wconf 84' lang='lat' dir='ltr'>habore,</span> <span class='ocrx_word' id='word_1_9' title='bbox 350 330 465 379; x_wconf 89' lang='lat' dir='ltr'>nonest</span> <span class='ocrx_word' id='word_1_10' title='bbox 484 324 531 379; x_wconf 86' lang='lat' dir='ltr'>bei</span> <span class='ocrx_word' id='word_1_11' title='bbox 551 325 641 397; x_wconf 88' lang='lat' dir='ltr'>culpa,</span> <span class='ocrx_word' id='word_1_12' title='bbox 663 326 711 380; x_wconf 89' lang='lat' dir='ltr'>sed</span> <span class='ocrx_word' id='word_1_13' title='bbox 731 327 839 381; x_wconf 75' lang='lat' dir='ltr'>animm.</span> <span class='ocrx_word' id='word_1_14' title='bbox 860 327 912 380; x_wconf 89' lang='lat' dir='ltr'>Sed</span> <span class='ocrx_word' id='word_1_15' title='bbox 932 325 955 380; x_wconf 91' lang='lat' dir='ltr'>si</span> <span class='ocrx_word' id='word_1_16' title='bbox 968 332 992 397; x_wconf 86' lang='grc' dir='ltr'>Α</span> <span class='ocrx_word' id='word_1_17' title='bbox 1005 328 1109 395; x_wconf 78' lang='lat' dir='ltr'>iustum</span> <span class='ocrx_word' id='word_1_18' title='bbox 1130 334 1159 382; x_wconf 92' lang='lat' dir='ltr'>ut</span> <span class='ocrx_word' id='word_1_19' title='bbox 1173 337 1200 382; x_wconf 89' lang='lat' dir='ltr'>tu</span> <span class='ocrx_word' id='word_1_20' title='bbox 1214 329 1252 382; x_wconf 91' lang='lat' dir='ltr'>sis</span> <span class='ocrx_word' id='word_1_21' title='bbox 1269 329 1359 395; x_wconf 84' lang='lat' dir='ltr'>justus</span> <span class='ocrx_word' id='word_1_22' title='bbox 1391 327 1442 381; x_wconf 89' lang='lat' dir='ltr'>Sed</span> <span class='ocrx_word' id='word_1_23' title='bbox 1465 325 1649 380; x_wconf 83' lang='lat' dir='ltr'>immutabilis</span> <span class='ocrx_word' id='word_1_24' title='bbox 1660 340 1720 380; x_wconf 91' lang='lat' dir='ltr'>nou</span> <span class='ocrx_word' id='word_1_25' title='bbox 1738 332 1821 393; x_wconf 86' lang='lat' dir='ltr'>potest</span> <span class='ocrx_word' id='word_1_26' title='bbox 1853 334 1858 421; x_wconf 70' lang='grc' dir='ltr'>Ι</span> 
     </span>
    </p>
   </div>
   <div class='ocr_carea' id='block_1_5' title="bbox 153 413 960 1395">
    <p class='ocr_par' dir='ltr' id='par_1_5' title="bbox 153 413 960 1395">
     <span class='ocr_line' id='line_1_5' title="bbox 154 413 955 487; baseline 0.002 -19"><span class='ocrx_word' id='word_1_27' title='bbox 154 430 212 468; x_wconf 89' lang='lat' dir='ltr'>eam</span> <span class='ocrx_word' id='word_1_28' title='bbox 229 414 311 467; x_wconf 91' lang='lat' dir='ltr'>modo</span> <span class='ocrx_word' id='word_1_29' title='bbox 327 413 391 468; x_wconf 89' lang='lat' dir='ltr'>iacit</span> <span class='ocrx_word' id='word_1_30' title='bbox 407 415 467 469; x_wconf 89' lang='lat' dir='ltr'>sine</span> <span class='ocrx_word' id='word_1_31' title='bbox 481 416 596 484; x_wconf 74' lang='lat' dir='ltr'>iustitia,</span> <span class='ocrx_word' id='word_1_32' title='bbox 614 433 694 487; x_wconf 83' lang='lat' dir='ltr'>qrram</span> <span class='ocrx_word' id='word_1_33' title='bbox 710 426 808 487; x_wconf 87' lang='lat' dir='ltr'>sponte</span> <span class='ocrx_word' id='word_1_34' title='bbox 824 417 955 481; x_wconf 88' lang='lat' dir='ltr'>deseruit,</span> 
     </span>
     <span class='ocr_line' id='line_1_6' title="bbox 153 504 958 579; baseline 0.004 -20"><span class='ocrx_word' id='word_1_35' title='bbox 153 520 245 560; x_wconf 91' lang='lat' dir='ltr'>nonne</span> <span class='ocrx_word' id='word_1_36' title='bbox 258 504 412 560; x_wconf 87' lang='lat' dir='ltr'>laudandus</span> <span class='ocrx_word' id='word_1_37' title='bbox 423 512 463 560; x_wconf 92' lang='lat' dir='ltr'>est</span> <span class='ocrx_word' id='word_1_38' title='bbox 478 507 559 562; x_wconf 86' lang='lat' dir='ltr'>vaide</span> <span class='ocrx_word' id='word_1_39' title='bbox 579 508 625 578; x_wconf 79' lang='lat' dir='ltr'>qui</span> <span class='ocrx_word' id='word_1_40' title='bbox 643 516 683 564; x_wconf 90' lang='lat' dir='ltr'>tol</span> <span class='ocrx_word' id='word_1_41' title='bbox 697 509 722 563; x_wconf 91' lang='lat' dir='ltr'>ei</span> <span class='ocrx_word' id='word_1_42' title='bbox 738 508 811 563; x_wconf 85' lang='lat' dir='ltr'>bono</span> <span class='ocrx_word' id='word_1_43' title='bbox 827 508 958 579; x_wconf 79' lang='lat' dir='ltr'>reliquit?</span> 
     </span>
     <span class='ocr_line' id='line_1_7' title="bbox 153 595 959 673; baseline 0.005 -24"><span class='ocrx_word' id='word_1_44' title='bbox 153 595 248 650; x_wconf 81' lang='lat' dir='ltr'><strong>Adhuc</strong></span> <span class='ocrx_word' id='word_1_45' title='bbox 265 604 388 651; x_wconf 87' lang='lat' dir='ltr'>remanet</span> <span class='ocrx_word' id='word_1_46' title='bbox 400 597 555 652; x_wconf 90' lang='lat' dir='ltr'>eidebitum</span> <span class='ocrx_word' id='word_1_47' title='bbox 563 598 676 666; x_wconf 78' lang='lat' dir='ltr'>justitiae</span> <span class='ocrx_word' id='word_1_48' title='bbox 692 609 717 653; x_wconf 90' lang='lat' dir='ltr'>et</span> <span class='ocrx_word' id='word_1_49' title='bbox 730 598 900 673; x_wconf 69' lang='lat' dir='ltr'>propagatim</span> <span class='ocrx_word' id='word_1_50' title='bbox 915 617 959 653; x_wconf 87' lang='lat' dir='ltr'>nr-</span> 
     </span>
     <span class='ocr_line' id='line_1_8' title="bbox 154 683 959 758; baseline 0.007 -22"><span class='ocrx_word' id='word_1_51' title='bbox 154 683 322 754; x_wconf 83' lang='lat' dir='ltr'>bilriumquo</span> <span class='ocrx_word' id='word_1_52' title='bbox 336 685 459 748; x_wconf 88' lang='lat' dir='ltr'>rationis,</span> <span class='ocrx_word' id='word_1_53' title='bbox 476 694 504 740; x_wconf 90' lang='lat' dir='ltr'>et</span> <span class='ocrx_word' id='word_1_54' title='bbox 518 687 578 757; x_wconf 87' lang='lat' dir='ltr'>ipsa</span> <span class='ocrx_word' id='word_1_55' title='bbox 601 688 679 751; x_wconf 84' lang='lat' dir='ltr'>ratio,</span> <span class='ocrx_word' id='word_1_56' title='bbox 697 703 749 758; x_wconf 87' lang='lat' dir='ltr'>qua</span> <span class='ocrx_word' id='word_1_57' title='bbox 769 687 877 743; x_wconf 84' lang='lat' dir='ltr'>caetcris</span> <span class='ocrx_word' id='word_1_58' title='bbox 893 704 959 757; x_wconf 72' lang='lat' dir='ltr'>pree·</span> 
     </span>
     <span class='ocr_line' id='line_1_9' title="bbox 154 771 957 850; baseline 0.006 -25"><span class='ocrx_word' id='word_1_59' title='bbox 154 771 957 850; x_wconf 79' lang='lat' dir='ltr'>eminetaninralrbus.inimaslulta,quiscearguereCrea·</span> 
     </span>
     <span class='ocr_line' id='line_1_10' title="bbox 153 864 958 934; baseline 0.005 -19"><span class='ocrx_word' id='word_1_60' title='bbox 153 867 251 926; x_wconf 87' lang='lat' dir='ltr'>torem,</span> <span class='ocrx_word' id='word_1_61' title='bbox 266 869 303 928; x_wconf 89' lang='lat' dir='ltr'>et,</span> <span class='ocrx_word' id='word_1_62' title='bbox 316 864 379 933; x_wconf 87' lang='lat' dir='ltr'>quia</span> <span class='ocrx_word' id='word_1_63' title='bbox 402 870 427 918; x_wconf 89' lang='lat' dir='ltr'>le</span> <span class='ocrx_word' id='word_1_64' title='bbox 443 878 498 918; x_wconf 90' lang='lat' dir='ltr'>non</span> <span class='ocrx_word' id='word_1_65' title='bbox 525 864 587 919; x_wconf 86' lang='lat' dir='ltr'>iecit</span> <span class='ocrx_word' id='word_1_66' title='bbox 602 865 713 932; x_wconf 86' lang='lat' dir='ltr'>justam,</span> <span class='ocrx_word' id='word_1_67' title='bbox 727 865 860 934; x_wconf 88' lang='lat' dir='ltr'>injustum</span> <span class='ocrx_word' id='word_1_68' title='bbox 881 864 958 919; x_wconf 88' lang='lat' dir='ltr'>dice·</span> 
     </span>
     <span class='ocr_line' id='line_1_11' title="bbox 154 952 957 1028; baseline 0.005 -21"><span class='ocrx_word' id='word_1_69' title='bbox 154 969 191 1007; x_wconf 87' lang='lat' dir='ltr'>re.</span> <span class='ocrx_word' id='word_1_70' title='bbox 214 952 337 1008; x_wconf 80' lang='lat' dir='ltr'>Suilrciat</span> <span class='ocrx_word' id='word_1_71' title='bbox 354 954 403 1009; x_wconf 90' lang='lat' dir='ltr'>tibi</span> <span class='ocrx_word' id='word_1_72' title='bbox 428 957 501 1026; x_wconf 81' lang='lat' dir='ltr'>quod</span> <span class='ocrx_word' id='word_1_73' title='bbox 519 956 615 1022; x_wconf 87' lang='lat' dir='ltr'>babes,</span> <span class='ocrx_word' id='word_1_74' title='bbox 637 955 701 1027; x_wconf 80' lang='lat' dir='ltr'>quia</span> <span class='ocrx_word' id='word_1_75' title='bbox 721 972 773 1011; x_wconf 89' lang='lat' dir='ltr'>noc</span> <span class='ocrx_word' id='word_1_76' title='bbox 786 957 873 1028; x_wconf 91' lang='lat' dir='ltr'>ipsum</span> <span class='ocrx_word' id='word_1_77' title='bbox 895 972 957 1011; x_wconf 90' lang='lat' dir='ltr'>me-</span> 
     </span>
     <span class='ocr_line' id='line_1_12' title="bbox 153 1047 958 1119; baseline 0.009 -20"><span class='ocrx_word' id='word_1_78' title='bbox 153 1047 240 1100; x_wconf 87' lang='lat' dir='ltr'>ruisti.</span> <span class='ocrx_word' id='word_1_79' title='bbox 259 1049 347 1103; x_wconf 69' lang='lat' dir='ltr'>lanula</span> <span class='ocrx_word' id='word_1_80' title='bbox 363 1048 561 1119; x_wconf 74' lang='lat' dir='ltr'><strong>benignitatem</strong></span> <span class='ocrx_word' id='word_1_81' title='bbox 578 1051 670 1105; x_wconf 89' lang='lat' dir='ltr'>dantis</span> <span class='ocrx_word' id='word_1_82' title='bbox 686 1050 832 1117; x_wconf 87' lang='lat' dir='ltr'>immerita,</span> <span class='ocrx_word' id='word_1_83' title='bbox 847 1067 898 1106; x_wconf 90' lang='lat' dir='ltr'>nec</span> <span class='ocrx_word' id='word_1_84' title='bbox 913 1067 958 1106; x_wconf 92' lang='lat' dir='ltr'>ac·</span> 
     </span>
     <span class='ocr_line' id='line_1_13' title="bbox 154 1141 958 1210; baseline 0.004 -17"><span class='ocrx_word' id='word_1_85' title='bbox 154 1155 219 1193; x_wconf 83' lang='lat' dir='ltr'>ensa</span> <span class='ocrx_word' id='word_1_86' title='bbox 234 1141 425 1195; x_wconf 72' lang='lat' dir='ltr'>rectitudinem</span> <span class='ocrx_word' id='word_1_87' title='bbox 442 1158 496 1197; x_wconf 88' lang='lat' dir='ltr'>non</span> <span class='ocrx_word' id='word_1_88' title='bbox 524 1143 613 1197; x_wconf 85' lang='lat' dir='ltr'>dantis</span> <span class='ocrx_word' id='word_1_89' title='bbox 629 1142 738 1210; x_wconf 84' lang='lat' dir='ltr'>injusta.</span> <span class='ocrx_word' id='word_1_90' title='bbox 769 1143 881 1206; x_wconf 79' lang='lat' dir='ltr'>Quodsi</span> <span class='ocrx_word' id='word_1_91' title='bbox 904 1159 958 1198; x_wconf 91' lang='lat' dir='ltr'>nou</span> 
     </span>
     <span class='ocr_line' id='line_1_14' title="bbox 157 1227 960 1302; baseline 0.011 -26"><span class='ocrx_word' id='word_1_92' title='bbox 157 1227 244 1296; x_wconf 83' lang='lat' dir='ltr'>piacet</span> <span class='ocrx_word' id='word_1_93' title='bbox 260 1229 297 1282; x_wconf 93' lang='lat' dir='ltr'>ilii</span> <span class='ocrx_word' id='word_1_94' title='bbox 315 1231 380 1282; x_wconf 87' lang='lat' dir='ltr'>dare</span> <span class='ocrx_word' id='word_1_95' title='bbox 399 1233 527 1285; x_wconf 71' lang='lat' dir='ltr'>creandae</span> <span class='ocrx_word' id='word_1_96' title='bbox 543 1237 629 1285; x_wconf 89' lang='lat' dir='ltr'>totum</span> <span class='ocrx_word' id='word_1_97' title='bbox 646 1231 782 1302; x_wconf 78' lang='lat' dir='ltr'>quodvis,</span> <span class='ocrx_word' id='word_1_98' title='bbox 797 1231 960 1302; x_wconf 73' lang='lat' dir='ltr'>agegralias</span> 
     </span>
     <span class='ocr_line' id='line_1_15' title="bbox 155 1318 958 1395; baseline 0.005 -22"><span class='ocrx_word' id='word_1_99' title='bbox 155 1318 189 1374; x_wconf 88' lang='lat' dir='ltr'>de</span> <span class='ocrx_word' id='word_1_100' title='bbox 209 1322 359 1388; x_wconf 81' lang='lat' dir='ltr'>concessis,</span> <span class='ocrx_word' id='word_1_101' title='bbox 375 1324 500 1394; x_wconf 71' lang='lat' dir='ltr'>supplica</span> <span class='ocrx_word' id='word_1_102' title='bbox 516 1341 564 1395; x_wconf 93' lang='lat' dir='ltr'>pro</span> <span class='ocrx_word' id='word_1_103' title='bbox 576 1323 651 1387; x_wconf 87' lang='lat' dir='ltr'>aiiis;</span> <span class='ocrx_word' id='word_1_104' title='bbox 669 1324 758 1378; x_wconf 88' lang='lat' dir='ltr'>iacere</span> <span class='ocrx_word' id='word_1_105' title='bbox 783 1325 896 1378; x_wconf 82' lang='lat' dir='ltr'>viseum</span> <span class='ocrx_word' id='word_1_106' title='bbox 913 1325 958 1377; x_wconf 89' lang='lat' dir='ltr'>in·</span> 
     </span>
    </p>
   </div>
   <div class='ocr_carea' id='block_1_6' title="bbox 1005 413 1819 1390">
    <p class='ocr_par' dir='ltr' id='par_1_6' title="bbox 1005 413 1819 1390">
     <span class='ocr_line' id='line_1_16' title="bbox 1008 413 1819 491; baseline -0.004 -21"><span class='ocrx_word' id='word_1_107' title='bbox 1008 417 1117 482; x_wconf 90' lang='lat' dir='ltr'>mutari,</span> <span class='ocrx_word' id='word_1_108' title='bbox 1133 432 1185 471; x_wconf 88' lang='lat' dir='ltr'>nec</span> <span class='ocrx_word' id='word_1_109' title='bbox 1197 417 1257 491; x_wconf 83' lang='lat' dir='ltr'>cogi</span> <span class='ocrx_word' id='word_1_110' title='bbox 1269 423 1359 487; x_wconf 89' lang='lat' dir='ltr'>potest</span> <span class='ocrx_word' id='word_1_111' title='bbox 1374 414 1564 486; x_wconf 68' lang='lat' dir='ltr'>Omnipotens.</span> <span class='ocrx_word' id='word_1_112' title='bbox 1582 415 1665 468; x_wconf 80' lang='lat' dir='ltr'>Creat</span> <span class='ocrx_word' id='word_1_113' title='bbox 1682 413 1819 483; x_wconf 84' lang='lat' dir='ltr'>injustam,</span> 
     </span>
     <span class='ocr_line' id='line_1_17' title="bbox 1006 501 1818 576; baseline -0.004 -16"><span class='ocrx_word' id='word_1_114' title='bbox 1006 507 1055 560; x_wconf 89' lang='lat' dir='ltr'>sod</span> <span class='ocrx_word' id='word_1_115' title='bbox 1071 507 1123 560; x_wconf 93' lang='lat' dir='ltr'>boc</span> <span class='ocrx_word' id='word_1_116' title='bbox 1138 505 1206 559; x_wconf 89' lang='lat' dir='ltr'>nibil</span> <span class='ocrx_word' id='word_1_117' title='bbox 1218 511 1259 559; x_wconf 89' lang='lat' dir='ltr'>ost</span> <span class='ocrx_word' id='word_1_118' title='bbox 1272 505 1347 559; x_wconf 88' lang='lat' dir='ltr'>uliud</span> <span class='ocrx_word' id='word_1_119' title='bbox 1362 520 1443 576; x_wconf 86' lang='lat' dir='ltr'>quam</span> <span class='ocrx_word' id='word_1_120' title='bbox 1459 504 1519 557; x_wconf 89' lang='lat' dir='ltr'>sino</span> <span class='ocrx_word' id='word_1_121' title='bbox 1542 501 1651 571; x_wconf 84' lang='lat' dir='ltr'>justitia</span> <span class='ocrx_word' id='word_1_122' title='bbox 1667 518 1780 566; x_wconf 85' lang='lat' dir='ltr'>creare,</span> <span class='ocrx_word' id='word_1_123' title='bbox 1794 515 1818 557; x_wconf 89' lang='lat' dir='ltr'>et</span> 
     </span>
     <span class='ocr_line' id='line_1_18' title="bbox 1005 590 1818 662; baseline -0.004 -14"><span class='ocrx_word' id='word_1_124' title='bbox 1005 594 1143 662; x_wconf 86' lang='lat' dir='ltr'>justitiam</span> <span class='ocrx_word' id='word_1_125' title='bbox 1164 608 1218 648; x_wconf 90' lang='lat' dir='ltr'>uon</span> <span class='ocrx_word' id='word_1_126' title='bbox 1246 593 1471 658; x_wconf 62' lang='lat' dir='ltr'>deremendum</span> <span class='ocrx_word' id='word_1_127' title='bbox 1497 591 1519 645; x_wconf 91' lang='lat' dir='ltr'>si</span> <span class='ocrx_word' id='word_1_128' title='bbox 1541 608 1597 646; x_wconf 90' lang='lat' dir='ltr'>non</span> <span class='ocrx_word' id='word_1_129' title='bbox 1618 590 1679 644; x_wconf 81' lang='lat' dir='ltr'>ruit</span> <span class='ocrx_word' id='word_1_130' title='bbox 1704 590 1818 660; x_wconf 87' lang='lat' dir='ltr'>amplius</span> 
     </span>
     <span class='ocr_line' id='line_1_19' title="bbox 1008 682 1818 758; baseline -0.006 -18"><span class='ocrx_word' id='word_1_131' title='bbox 1008 686 1086 751; x_wconf 87' lang='lat' dir='ltr'>dure,</span> <span class='ocrx_word' id='word_1_132' title='bbox 1104 685 1169 740; x_wconf 90' lang='lat' dir='ltr'>tolle</span> <span class='ocrx_word' id='word_1_133' title='bbox 1186 685 1259 756; x_wconf 88' lang='lat' dir='ltr'>quod</span> <span class='ocrx_word' id='word_1_134' title='bbox 1274 683 1359 738; x_wconf 89' lang='lat' dir='ltr'>babes</span> <span class='ocrx_word' id='word_1_135' title='bbox 1372 684 1474 757; x_wconf 80' lang='lat' dir='ltr'>gratias</span> <span class='ocrx_word' id='word_1_136' title='bbox 1490 682 1611 758; x_wconf 80' lang='lat' dir='ltr'>agendo,</span> <span class='ocrx_word' id='word_1_137' title='bbox 1629 698 1685 736; x_wconf 91' lang='lat' dir='ltr'>nec</span> <span class='ocrx_word' id='word_1_138' title='bbox 1698 699 1751 752; x_wconf 91' lang='lat' dir='ltr'>pro</span> <span class='ocrx_word' id='word_1_139' title='bbox 1765 682 1818 735; x_wconf 84' lang='lat' dir='ltr'>aliis</span> 
     </span>
     <span class='ocr_line' id='line_1_20' title="bbox 1009 772 1818 845; baseline -0.006 -12"><span class='ocrx_word' id='word_1_140' title='bbox 1009 779 1048 836; x_wconf 84' lang='lat' dir='ltr'>sis</span> <span class='ocrx_word' id='word_1_141' title='bbox 1080 776 1119 831; x_wconf 93' lang='lat' dir='ltr'>iili</span> <span class='ocrx_word' id='word_1_142' title='bbox 1160 777 1293 830; x_wconf 92' lang='lat' dir='ltr'>molestus</span> <span class='ocrx_word' id='word_1_143' title='bbox 1332 774 1385 829; x_wconf 86' lang='lat' dir='ltr'>nisi</span> <span class='ocrx_word' id='word_1_144' title='bbox 1426 774 1622 845; x_wconf 83' lang='lat' dir='ltr'>supplicando.</span> <span class='ocrx_word' id='word_1_145' title='bbox 1667 774 1726 828; x_wconf 83' lang='lat' dir='ltr'>Sed</span> <span class='ocrx_word' id='word_1_146' title='bbox 1758 772 1818 828; x_wconf 83' lang='lat' dir='ltr'>iortc</span> 
     </span>
     <span class='ocr_line' id='line_1_21' title="bbox 1009 862 1817 929; baseline -0.002 -13"><span class='ocrx_word' id='word_1_147' title='bbox 1009 863 1094 917; x_wconf 90' lang='lat' dir='ltr'>dieis:</span> <span class='ocrx_word' id='word_1_148' title='bbox 1110 864 1201 919; x_wconf 81' lang='lat' dir='ltr'><strong>Debeo</strong></span> <span class='ocrx_word' id='word_1_149' title='bbox 1228 865 1341 921; x_wconf 88' lang='lat' dir='ltr'>babere.</span> <span class='ocrx_word' id='word_1_150' title='bbox 1357 864 1383 917; x_wconf 84' lang='lat' dir='ltr'>Si</span> <span class='ocrx_word' id='word_1_151' title='bbox 1409 865 1505 929; x_wconf 88' lang='lat' dir='ltr'>dobes,</span> <span class='ocrx_word' id='word_1_152' title='bbox 1520 863 1617 918; x_wconf 89' lang='lat' dir='ltr'>redde.</span> <span class='ocrx_word' id='word_1_153' title='bbox 1642 863 1705 917; x_wconf 90' lang='lat' dir='ltr'>Non</span> <span class='ocrx_word' id='word_1_154' title='bbox 1724 862 1817 917; x_wconf 89' lang='lat' dir='ltr'>babeo.</span> 
     </span>
     <span class='ocr_line' id='line_1_22' title="bbox 1011 951 1819 1018; baseline -0.001 -12"><span class='ocrx_word' id='word_1_155' title='bbox 1011 951 1144 1007; x_wconf 79' lang='lat' dir='ltr'>Habuisti.</span> <span class='ocrx_word' id='word_1_156' title='bbox 1171 954 1290 1008; x_wconf 85' lang='lat' dir='ltr'>Perdidi.</span> <span class='ocrx_word' id='word_1_157' title='bbox 1312 954 1378 1018; x_wconf 76' lang='lat' dir='ltr'>linis</span> <span class='ocrx_word' id='word_1_158' title='bbox 1393 952 1527 1007; x_wconf 83' lang='lat' dir='ltr'>abstulit?</span> <span class='ocrx_word' id='word_1_159' title='bbox 1546 951 1656 1006; x_wconf 87' lang='lat' dir='ltr'>iluiius.</span> <span class='ocrx_word' id='word_1_160' title='bbox 1680 953 1819 1014; x_wconf 79' lang='lat' dir='ltr'><strong>Quomodo</strong></span> 
     </span>
     <span class='ocr_line' id='line_1_23' title="bbox 1010 1043 1819 1117; baseline -0.004 -19"><span class='ocrx_word' id='word_1_161' title='bbox 1010 1059 1076 1115; x_wconf 74' lang='lat' dir='ltr'>crgo</span> <span class='ocrx_word' id='word_1_162' title='bbox 1092 1045 1369 1115; x_wconf 80' lang='lat' dir='ltr'>perdidistiiSponte</span> <span class='ocrx_word' id='word_1_163' title='bbox 1380 1044 1483 1098; x_wconf 82' lang='lat' dir='ltr'>dimisi.</span> <span class='ocrx_word' id='word_1_164' title='bbox 1502 1043 1568 1117; x_wconf 82' lang='lat' dir='ltr'>Ergo</span> <span class='ocrx_word' id='word_1_165' title='bbox 1585 1059 1642 1096; x_wconf 91' lang='lat' dir='ltr'>non</span> <span class='ocrx_word' id='word_1_166' title='bbox 1661 1043 1769 1112; x_wconf 89' lang='lat' dir='ltr'>poteris</span> <span class='ocrx_word' id='word_1_167' title='bbox 1783 1059 1819 1095; x_wconf 82' lang='lat' dir='ltr'>re-</span> 
     </span>
     <span class='ocr_line' id='line_1_24' title="bbox 1011 1134 1819 1207; baseline -0.006 -16"><span class='ocrx_word' id='word_1_168' title='bbox 1011 1151 1143 1205; x_wconf 81' lang='lat' dir='ltr'>cuperare</span> <span class='ocrx_word' id='word_1_169' title='bbox 1166 1137 1217 1190; x_wconf 90' lang='lat' dir='ltr'>uisi</span> <span class='ocrx_word' id='word_1_170' title='bbox 1233 1153 1331 1207; x_wconf 79' lang='lat' dir='ltr'>magrm</span> <span class='ocrx_word' id='word_1_171' title='bbox 1347 1134 1618 1205; x_wconf 75' lang='lat' dir='ltr'>recompensatione.</span> <span class='ocrx_word' id='word_1_172' title='bbox 1636 1135 1738 1188; x_wconf 82' lang='lat' dir='ltr'>ddbuc</span> <span class='ocrx_word' id='word_1_173' title='bbox 1750 1151 1819 1204; x_wconf 77' lang='lat' dir='ltr'>urre-</span> 
     </span>
     <span class='ocr_line' id='line_1_25' title="bbox 1011 1228 1817 1301; baseline -0.005 -17"><span class='ocrx_word' id='word_1_174' title='bbox 1011 1231 1073 1284; x_wconf 85' lang='lat' dir='ltr'>dam</span> <span class='ocrx_word' id='word_1_175' title='bbox 1090 1248 1138 1301; x_wconf 89' lang='lat' dir='ltr'>pro</span> <span class='ocrx_word' id='word_1_176' title='bbox 1153 1231 1387 1286; x_wconf 89' lang='lat' dir='ltr'>ortbodoxissunt</span> <span class='ocrx_word' id='word_1_177' title='bbox 1400 1229 1529 1294; x_wconf 80' lang='lat' dir='ltr'>dicenda,</span> <span class='ocrx_word' id='word_1_178' title='bbox 1551 1229 1601 1283; x_wconf 86' lang='lat' dir='ltr'>sed</span> <span class='ocrx_word' id='word_1_179' title='bbox 1618 1229 1688 1300; x_wconf 86' lang='lat' dir='ltr'>quia</span> <span class='ocrx_word' id='word_1_180' title='bbox 1700 1228 1766 1282; x_wconf 84' lang='lat' dir='ltr'>lassi</span> <span class='ocrx_word' id='word_1_181' title='bbox 1779 1246 1817 1281; x_wconf 80' lang='lat' dir='ltr'>su-</span> 
     </span>
     <span class='ocr_line' id='line_1_26' title="bbox 1011 1321 1521 1390; baseline -0.004 -14"><span class='ocrx_word' id='word_1_182' title='bbox 1011 1339 1082 1390; x_wconf 88' lang='lat' dir='ltr'>mus,</span> <span class='ocrx_word' id='word_1_183' title='bbox 1096 1322 1153 1376; x_wconf 90' lang='lat' dir='ltr'>aiiii</span> <span class='ocrx_word' id='word_1_184' title='bbox 1165 1331 1229 1376; x_wconf 88' lang='lat' dir='ltr'>sunt</span> <span class='ocrx_word' id='word_1_185' title='bbox 1244 1322 1357 1378; x_wconf 86' lang='lat' dir='ltr'>exordio</span> <span class='ocrx_word' id='word_1_186' title='bbox 1377 1321 1521 1376; x_wconf 71' lang='lat' dir='ltr'>serrantia.</span> 
     </span>
    </p>
   </div>
   <div class='ocr_carea' id='block_1_7' title="bbox 781 1451 1187 1527">
    <p class='ocr_par' dir='ltr' id='par_1_7' title="bbox 781 1451 1187 1527">
     <span class='ocr_line' id='line_1_27' title="bbox 781 1451 1187 1527; baseline -0.007 -17"><span class='ocrx_word' id='word_1_187' title='bbox 781 1451 911 1527; x_wconf 66' lang='lat' dir='ltr'>Explicit</span> <span class='ocrx_word' id='word_1_188' title='bbox 935 1453 1009 1510; x_wconf 83' lang='lat' dir='ltr'>liber</span> <span class='ocrx_word' id='word_1_189' title='bbox 1029 1451 1187 1510; x_wconf 74' lang='lat' dir='ltr'>sectandus.</span> 
     </span>
    </p>
   </div>
   <div class='ocr_carea' id='block_1_8' title="bbox 738 1787 1230 1874">
    <p class='ocr_par' dir='ltr' id='par_1_8' title="bbox 738 1787 1230 1874">
     <span class='ocr_line' id='line_1_28' title="bbox 738 1787 1230 1874; baseline -0.002 -2"><span class='ocrx_word' id='word_1_190' title='bbox 738 1788 909 1874; x_wconf 85' lang='lat' dir='ltr'><strong>LIBER</strong></span> <span class='ocrx_word' id='word_1_191' title='bbox 960 1787 1230 1874; x_wconf 87' lang='lat' dir='ltr'>TERTIUS.</span> 
     </span>
    </p>
   </div>
   <div class='ocr_carea' id='block_1_9' title="bbox 209 2000 1822 2073">
    <p class='ocr_par' dir='ltr' id='par_1_9' title="bbox 209 2000 1822 2073">
     <span class='ocr_line' id='line_1_29' title="bbox 209 2000 1822 2073; baseline 0.003 -21"><span class='ocrx_word' id='word_1_192' title='bbox 209 2000 282 2064; x_wconf 78' lang='lat' dir='ltr'>Quod</span> <span class='ocrx_word' id='word_1_193' title='bbox 302 2007 370 2056; x_wconf 83' lang='lat' dir='ltr'>tolus</span> <span class='ocrx_word' id='word_1_194' title='bbox 385 2004 460 2056; x_wconf 83' lang='lat' dir='ltr'>immo</span> <span class='ocrx_word' id='word_1_195' title='bbox 473 2002 573 2055; x_wconf 85' lang='lat' dir='ltr'>diriter</span> <span class='ocrx_word' id='word_1_196' title='bbox 590 2018 699 2071; x_wconf 82' lang='lat' dir='ltr'>peecure</span> <span class='ocrx_word' id='word_1_197' title='bbox 712 2018 759 2071; x_wconf 85' lang='lat' dir='ltr'>per</span> <span class='ocrx_word' id='word_1_198' title='bbox 773 2007 905 2070; x_wconf 75' lang='lat' dir='ltr'>recimero,</span> <span class='ocrx_word' id='word_1_199' title='bbox 973 2005 997 2072; x_wconf 78' lang='grc' dir='ltr'>Β</span> <span class='ocrx_word' id='word_1_200' title='bbox 1012 2001 1122 2071; x_wconf 90' lang='lat' dir='ltr'>penitus</span> <span class='ocrx_word' id='word_1_201' title='bbox 1143 2000 1260 2056; x_wconf 90' lang='lat' dir='ltr'>inveniri</span> <span class='ocrx_word' id='word_1_202' title='bbox 1290 2002 1386 2073; x_wconf 75' lang='lat' dir='ltr'>raequit</span> <span class='ocrx_word' id='word_1_203' title='bbox 1406 2004 1431 2056; x_wconf 91' lang='lat' dir='ltr'>in</span> <span class='ocrx_word' id='word_1_204' title='bbox 1449 2009 1587 2057; x_wconf 85' lang='lat' dir='ltr'>creatura.</span> <span class='ocrx_word' id='word_1_205' title='bbox 1614 2003 1749 2057; x_wconf 81' lang='lat' dir='ltr'>Crentura</span> <span class='ocrx_word' id='word_1_206' title='bbox 1765 2020 1822 2057; x_wconf 76' lang='lat' dir='ltr'>raro</span> 
     </span>
    </p>
   </div>
   <div class='ocr_carea' id='block_1_10' title="bbox 156 2107 959 2634">
    <p class='ocr_par' dir='ltr' id='par_1_10' title="bbox 443 2107 673 2160">
     <span class='ocr_line' id='line_1_30' title="bbox 443 2107 673 2160; baseline 0.009 -18"><span class='ocrx_word' id='word_1_207' title='bbox 443 2107 497 2144; x_wconf 75' lang='lat' dir='ltr'>aron</span> <span class='ocrx_word' id='word_1_208' title='bbox 508 2107 557 2160; x_wconf 86' lang='lat' dir='ltr'>per</span> <span class='ocrx_word' id='word_1_209' title='bbox 570 2107 673 2160; x_wconf 81' lang='lat' dir='ltr'>cerpus.</span> 
     </span>
    </p>

    <p class='ocr_par' dir='ltr' id='par_1_11' title="bbox 156 2194 959 2634">
     <span class='ocr_line' id='line_1_31' title="bbox 191 2194 958 2269; baseline 0.01 -24"><span class='ocrx_word' id='word_1_210' title='bbox 191 2194 324 2263; x_wconf 85' lang='lat' dir='ltr'>Superius</span> <span class='ocrx_word' id='word_1_211' title='bbox 343 2196 450 2269; x_wconf 75' lang='lat' dir='ltr'>digesta</span> <span class='ocrx_word' id='word_1_212' title='bbox 469 2199 612 2254; x_wconf 82' lang='lat' dir='ltr'>continent</span> <span class='ocrx_word' id='word_1_213' title='bbox 627 2199 788 2269; x_wconf 82' lang='lat' dir='ltr'>injustitiam</span> <span class='ocrx_word' id='word_1_214' title='bbox 810 2200 958 2255; x_wconf 83' lang='lat' dir='ltr'>essentiam</span> 
     </span>
     <span class='ocr_line' id='line_1_32' title="bbox 157 2288 959 2364; baseline 0.011 -25"><span class='ocrx_word' id='word_1_215' title='bbox 157 2302 210 2341; x_wconf 93' lang='lat' dir='ltr'>uon</span> <span class='ocrx_word' id='word_1_216' title='bbox 229 2288 341 2355; x_wconf 76' lang='lat' dir='ltr'>imitere,</span> <span class='ocrx_word' id='word_1_217' title='bbox 358 2306 409 2345; x_wconf 90' lang='lat' dir='ltr'>nec</span> <span class='ocrx_word' id='word_1_218' title='bbox 424 2308 484 2346; x_wconf 85' lang='lat' dir='ltr'>esse</span> <span class='ocrx_word' id='word_1_219' title='bbox 500 2293 526 2346; x_wconf 89' lang='lat' dir='ltr'>iu</span> <span class='ocrx_word' id='word_1_220' title='bbox 540 2308 668 2364; x_wconf 87' lang='lat' dir='ltr'>corpore,</span> <span class='ocrx_word' id='word_1_221' title='bbox 685 2295 776 2349; x_wconf 85' lang='lat' dir='ltr'>sedin</span> <span class='ocrx_word' id='word_1_222' title='bbox 792 2295 884 2349; x_wconf 84' lang='lat' dir='ltr'>anima</span> <span class='ocrx_word' id='word_1_223' title='bbox 899 2302 959 2350; x_wconf 84' lang='lat' dir='ltr'>tan-</span> 
     </span>
     <span class='ocr_line' id='line_1_33' title="bbox 156 2376 957 2449; baseline 0.012 -21"><span class='ocrx_word' id='word_1_224' title='bbox 156 2383 224 2443; x_wconf 86' lang='lat' dir='ltr'>tum,</span> <span class='ocrx_word' id='word_1_225' title='bbox 246 2376 292 2431; x_wconf 91' lang='lat' dir='ltr'>ubi</span> <span class='ocrx_word' id='word_1_226' title='bbox 309 2379 415 2448; x_wconf 86' lang='lat' dir='ltr'>justitia</span> <span class='ocrx_word' id='word_1_227' title='bbox 431 2381 513 2437; x_wconf 87' lang='lat' dir='ltr'>debet</span> <span class='ocrx_word' id='word_1_228' title='bbox 534 2400 606 2449; x_wconf 88' lang='lat' dir='ltr'>esse,</span> <span class='ocrx_word' id='word_1_229' title='bbox 630 2385 736 2439; x_wconf 82' lang='lat' dir='ltr'>aniuras</span> <span class='ocrx_word' id='word_1_230' title='bbox 752 2401 814 2440; x_wconf 84' lang='lat' dir='ltr'>vero</span> <span class='ocrx_word' id='word_1_231' title='bbox 831 2400 885 2440; x_wconf 93' lang='lat' dir='ltr'>uon</span> <span class='ocrx_word' id='word_1_232' title='bbox 900 2384 957 2439; x_wconf 90' lang='lat' dir='ltr'>lieri</span> 
     </span>
     <span class='ocr_line' id='line_1_34' title="bbox 156 2465 959 2537; baseline 0.014 -20"><span class='ocrx_word' id='word_1_233' title='bbox 156 2465 190 2519; x_wconf 83' lang='lat' dir='ltr'>rie</span> <span class='ocrx_word' id='word_1_234' title='bbox 204 2466 325 2532; x_wconf 87' lang='lat' dir='ltr'>traduce,</span> <span class='ocrx_word' id='word_1_235' title='bbox 339 2470 388 2522; x_wconf 90' lang='lat' dir='ltr'>sed</span> <span class='ocrx_word' id='word_1_236' title='bbox 404 2487 419 2523; x_wconf 87' lang='lat' dir='ltr'>a</span> <span class='ocrx_word' id='word_1_237' title='bbox 434 2470 493 2526; x_wconf 88' lang='lat' dir='ltr'>solo</span> <span class='ocrx_word' id='word_1_238' title='bbox 509 2472 576 2537; x_wconf 89' lang='lat' dir='ltr'>ileo,</span> <span class='ocrx_word' id='word_1_239' title='bbox 605 2473 646 2528; x_wconf 84' lang='lat' dir='ltr'>rei</span> <span class='ocrx_word' id='word_1_240' title='bbox 666 2474 700 2528; x_wconf 81' lang='lat' dir='ltr'>rio</span> <span class='ocrx_word' id='word_1_241' title='bbox 715 2475 886 2530; x_wconf 83' lang='lat' dir='ltr'>exstantibus</span> <span class='ocrx_word' id='word_1_242' title='bbox 914 2473 959 2528; x_wconf 89' lang='lat' dir='ltr'>aii·</span> 
     </span>
     <span class='ocr_line' id='line_1_35' title="bbox 156 2556 959 2634; baseline 0.016 -27"><span class='ocrx_word' id='word_1_243' title='bbox 156 2556 265 2626; x_wconf 75' lang='lat' dir='ltr'>quibus,</span> <span class='ocrx_word' id='word_1_244' title='bbox 287 2559 328 2613; x_wconf 81' lang='lat' dir='ltr'>rei</span> <span class='ocrx_word' id='word_1_245' title='bbox 344 2560 377 2613; x_wconf 91' lang='lat' dir='ltr'>de</span> <span class='ocrx_word' id='word_1_246' title='bbox 393 2561 491 2627; x_wconf 86' lang='lat' dir='ltr'>nihilo,</span> <span class='ocrx_word' id='word_1_247' title='bbox 503 2571 530 2617; x_wconf 87' lang='lat' dir='ltr'>el</span> <span class='ocrx_word' id='word_1_248' title='bbox 547 2563 573 2617; x_wconf 90' lang='lat' dir='ltr'>in</span> <span class='ocrx_word' id='word_1_249' title='bbox 591 2574 703 2634; x_wconf 84' lang='lat' dir='ltr'>peccalo</span> <span class='ocrx_word' id='word_1_250' title='bbox 716 2567 798 2620; x_wconf 85' lang='lat' dir='ltr'>lidum</span> <span class='ocrx_word' id='word_1_251' title='bbox 812 2567 959 2621; x_wconf 85' lang='lat' dir='ltr'>immanem</span> 
     </span>
    </p>
   </div>
   <div class='ocr_carea' id='block_1_11' title="bbox 155 2648 979 2728">
    <p class='ocr_par' dir='ltr' id='par_1_12' title="bbox 155 2648 979 2728">
     <span class='ocr_line' id='line_1_36' title="bbox 155 2648 979 2728; baseline 0.017 -29"><span class='ocrx_word' id='word_1_252' title='bbox 155 2648 274 2702; x_wconf 85' lang='lat' dir='ltr'>unimam</span> <span class='ocrx_word' id='word_1_253' title='bbox 296 2667 435 2720; x_wconf 64' lang='lat' dir='ltr'>[luccesse</span> <span class='ocrx_word' id='word_1_254' title='bbox 460 2669 570 2709; x_wconf 88' lang='lat' dir='ltr'>ornnem</span> <span class='ocrx_word' id='word_1_255' title='bbox 592 2662 619 2710; x_wconf 92' lang='lat' dir='ltr'>et</span> <span class='ocrx_word' id='word_1_256' title='bbox 634 2663 729 2724; x_wconf 84' lang='lat' dir='ltr'>totam,</span> <span class='ocrx_word' id='word_1_257' title='bbox 746 2674 796 2712; x_wconf 90' lang='lat' dir='ltr'>noc</span> <span class='ocrx_word' id='word_1_258' title='bbox 820 2667 882 2728; x_wconf 87' lang='lat' dir='ltr'>post</span> <span class='ocrx_word' id='word_1_259' title='bbox 896 2674 979 2713; x_wconf 88' lang='lat' dir='ltr'>eum·</span> 
     </span>
    </p>
   </div>
   <div class='ocr_carea' id='block_1_12' title="bbox 152 2741 966 4545">
    <p class='ocr_par' dir='ltr' id='par_1_13' title="bbox 152 2741 966 4545">
     <span class='ocr_line' id='line_1_37' title="bbox 157 2741 961 2821; baseline 0.016 -28"><span class='ocrx_word' id='word_1_260' title='bbox 157 2748 255 2811; x_wconf 75' lang='lat' dir='ltr'>praeter</span> <span class='ocrx_word' id='word_1_261' title='bbox 271 2741 369 2799; x_wconf 84' lang='lat' dir='ltr'>Cirristi</span> <span class='ocrx_word' id='word_1_262' title='bbox 382 2746 501 2801; x_wconf 89' lang='lat' dir='ltr'>animam</span> <span class='ocrx_word' id='word_1_263' title='bbox 519 2748 600 2802; x_wconf 85' lang='lat' dir='ltr'>ullam</span> <span class='ocrx_word' id='word_1_264' title='bbox 617 2749 678 2805; x_wconf 88' lang='lat' dir='ltr'>sino</span> <span class='ocrx_word' id='word_1_265' title='bbox 694 2761 808 2821; x_wconf 87' lang='lat' dir='ltr'>peceato</span> <span class='ocrx_word' id='word_1_266' title='bbox 824 2750 894 2816; x_wconf 89' lang='lat' dir='ltr'>lieri,</span> <span class='ocrx_word' id='word_1_267' title='bbox 909 2752 961 2806; x_wconf 93' lang='lat' dir='ltr'>boc</span> 
     </span>
     <span class='ocr_line' id='line_1_38' title="bbox 155 2830 959 2912; baseline 0.014 -29"><span class='ocrx_word' id='word_1_268' title='bbox 155 2830 284 2904; x_wconf 74' lang='lat' dir='ltr'>exigente</span> <span class='ocrx_word' id='word_1_269' title='bbox 304 2834 395 2889; x_wconf 84' lang='lat' dir='ltr'>divina</span> <span class='ocrx_word' id='word_1_270' title='bbox 417 2837 587 2909; x_wconf 75' lang='lat' dir='ltr'>naturalique</span> <span class='ocrx_word' id='word_1_271' title='bbox 599 2839 715 2909; x_wconf 84' lang='lat' dir='ltr'>justitio.</span> <span class='ocrx_word' id='word_1_272' title='bbox 734 2840 802 2902; x_wconf 75' lang='lat' dir='ltr'>tinia</span> <span class='ocrx_word' id='word_1_273' title='bbox 825 2855 891 2912; x_wconf 80' lang='lat' dir='ltr'>ergo</span> <span class='ocrx_word' id='word_1_274' title='bbox 911 2841 959 2894; x_wconf 91' lang='lat' dir='ltr'>bo·</span> 
     </span>
     <span class='ocr_line' id='line_1_39' title="bbox 157 2925 961 3003; baseline 0.015 -26"><span class='ocrx_word' id='word_1_275' title='bbox 157 2925 240 2980; x_wconf 85' lang='lat' dir='ltr'>urinis</span> <span class='ocrx_word' id='word_1_276' title='bbox 256 2940 398 2997; x_wconf 79' lang='lat' dir='ltr'>peecatum</span> <span class='ocrx_word' id='word_1_277' title='bbox 425 2932 453 2986; x_wconf 92' lang='lat' dir='ltr'>in</span> <span class='ocrx_word' id='word_1_278' title='bbox 480 2949 594 3003; x_wconf 89' lang='lat' dir='ltr'>corpore</span> <span class='ocrx_word' id='word_1_279' title='bbox 615 2950 669 2989; x_wconf 92' lang='lat' dir='ltr'>nou</span> <span class='ocrx_word' id='word_1_280' title='bbox 691 2935 840 3001; x_wconf 86' lang='lat' dir='ltr'>invenitur,</span> <span class='ocrx_word' id='word_1_281' title='bbox 866 2935 914 2989; x_wconf 92' lang='lat' dir='ltr'>sed</span> <span class='ocrx_word' id='word_1_282' title='bbox 936 2936 961 2989; x_wconf 91' lang='lat' dir='ltr'>in</span> 
     </span>
     <span class='ocr_line' id='line_1_40' title="bbox 154 3013 961 3094; baseline 0.017 -29"><span class='ocrx_word' id='word_1_283' title='bbox 154 3013 256 3080; x_wconf 84' lang='lat' dir='ltr'>anima,</span> <span class='ocrx_word' id='word_1_284' title='bbox 274 3016 375 3072; x_wconf 90' lang='lat' dir='ltr'>ideirco</span> <span class='ocrx_word' id='word_1_285' title='bbox 392 3020 474 3073; x_wconf 89' lang='lat' dir='ltr'>loculi</span> <span class='ocrx_word' id='word_1_286' title='bbox 499 3038 595 3076; x_wconf 71' lang='lat' dir='ltr'>suenus</span> <span class='ocrx_word' id='word_1_287' title='bbox 618 3023 670 3077; x_wconf 89' lang='lat' dir='ltr'>buc</span> <span class='ocrx_word' id='word_1_288' title='bbox 702 3040 788 3094; x_wconf 89' lang='lat' dir='ltr'>nsque</span> <span class='ocrx_word' id='word_1_289' title='bbox 809 3024 843 3077; x_wconf 89' lang='lat' dir='ltr'>de</span> <span class='ocrx_word' id='word_1_290' title='bbox 859 3024 961 3079; x_wconf 88' lang='lat' dir='ltr'>anima.</span> 
     </span>
     <span class='ocr_line' id='line_1_41' title="bbox 157 3101 964 3178; baseline 0.016 -24"><span class='ocrx_word' id='word_1_291' title='bbox 157 3101 241 3156; x_wconf 86' lang='lat' dir='ltr'>llouro</span> <span class='ocrx_word' id='word_1_292' title='bbox 258 3121 332 3169; x_wconf 81' lang='lat' dir='ltr'>xero,</span> <span class='ocrx_word' id='word_1_293' title='bbox 361 3123 409 3175; x_wconf 93' lang='lat' dir='ltr'>pro</span> <span class='ocrx_word' id='word_1_294' title='bbox 436 3124 491 3178; x_wconf 89' lang='lat' dir='ltr'>quo</span> <span class='ocrx_word' id='word_1_295' title='bbox 522 3117 607 3164; x_wconf 87' lang='lat' dir='ltr'>totum</span> <span class='ocrx_word' id='word_1_296' title='bbox 634 3112 706 3166; x_wconf 92' lang='lat' dir='ltr'>bunc</span> <span class='ocrx_word' id='word_1_297' title='bbox 734 3127 889 3167; x_wconf 86' lang='lat' dir='ltr'>sermonem</span> <span class='ocrx_word' id='word_1_298' title='bbox 920 3113 964 3167; x_wconf 88' lang='lat' dir='ltr'>in·</span> 
     </span>
     <span class='ocr_line' id='line_1_42' title="bbox 157 3190 965 3273; baseline 0.016 -31"><span class='ocrx_word' id='word_1_299' title='bbox 157 3190 336 3261; x_wconf 85' lang='lat' dir='ltr'>sumpsimus,</span> <span class='ocrx_word' id='word_1_300' title='bbox 346 3210 378 3248; x_wconf 86' lang='lat' dir='ltr'>ex</span> <span class='ocrx_word' id='word_1_301' title='bbox 390 3195 482 3251; x_wconf 88' lang='lat' dir='ltr'>anima</span> <span class='ocrx_word' id='word_1_302' title='bbox 492 3204 599 3252; x_wconf 90' lang='lat' dir='ltr'>constat</span> <span class='ocrx_word' id='word_1_303' title='bbox 613 3208 639 3253; x_wconf 92' lang='lat' dir='ltr'>et</span> <span class='ocrx_word' id='word_1_304' title='bbox 650 3215 777 3271; x_wconf 88' lang='lat' dir='ltr'>corpore,</span> <span class='ocrx_word' id='word_1_305' title='bbox 794 3216 845 3255; x_wconf 89' lang='lat' dir='ltr'>nec</span> <span class='ocrx_word' id='word_1_306' title='bbox 860 3201 965 3273; x_wconf 81' lang='lat' dir='ltr'>integer</span> 
     </span>
     <span class='ocr_line' id='line_1_43' title="bbox 157 3283 961 3363; baseline 0.015 -31"><span class='ocrx_word' id='word_1_307' title='bbox 157 3286 198 3333; x_wconf 87' lang='lat' dir='ltr'>est</span> <span class='ocrx_word' id='word_1_308' title='bbox 225 3297 258 3335; x_wconf 87' lang='lat' dir='ltr'>ex</span> <span class='ocrx_word' id='word_1_309' title='bbox 279 3283 375 3351; x_wconf 86' lang='lat' dir='ltr'>altero,</span> <span class='ocrx_word' id='word_1_310' title='bbox 404 3286 461 3341; x_wconf 82' lang='lat' dir='ltr'>siro</span> <span class='ocrx_word' id='word_1_311' title='bbox 490 3296 621 3360; x_wconf 85' lang='lat' dir='ltr'>utroque,</span> <span class='ocrx_word' id='word_1_312' title='bbox 654 3290 780 3363; x_wconf 78' lang='lat' dir='ltr'>quamvis</span> <span class='ocrx_word' id='word_1_313' title='bbox 809 3292 961 3346; x_wconf 88' lang='lat' dir='ltr'>seeundum</span> 
     </span>
     <span class='ocr_line' id='line_1_44' title="bbox 156 3373 961 3456; baseline 0.016 -32"><span class='ocrx_word' id='word_1_314' title='bbox 156 3373 315 3428; x_wconf 86' lang='lat' dir='ltr'>alterutrum</span> <span class='ocrx_word' id='word_1_315' title='bbox 346 3376 454 3432; x_wconf 87' lang='lat' dir='ltr'>dicatur</span> <span class='ocrx_word' id='word_1_316' title='bbox 478 3380 561 3436; x_wconf 92' lang='lat' dir='ltr'>homo</span> <span class='ocrx_word' id='word_1_317' title='bbox 589 3383 766 3454; x_wconf 88' lang='lat' dir='ltr'>quandoque,</span> <span class='ocrx_word' id='word_1_318' title='bbox 796 3391 826 3439; x_wconf 89' lang='lat' dir='ltr'>ut</span> <span class='ocrx_word' id='word_1_319' title='bbox 850 3384 961 3456; x_wconf 89' lang='lat' dir='ltr'>quidam</span> 
     </span>
     <span class='ocr_line' id='line_1_45' title="bbox 155 3467 962 3546; baseline 0.016 -27"><span class='ocrx_word' id='word_1_320' title='bbox 155 3467 276 3538; x_wconf 84' lang='lat' dir='ltr'>sapiens,</span> <span class='ocrx_word' id='word_1_321' title='bbox 304 3487 318 3523; x_wconf 88' lang='lat' dir='ltr'>a</span> <span class='ocrx_word' id='word_1_322' title='bbox 350 3471 560 3546; x_wconf 82' lang='lat' dir='ltr'>generalissimo</span> <span class='ocrx_word' id='word_1_323' title='bbox 585 3475 758 3531; x_wconf 88' lang='lat' dir='ltr'>descendens</span> <span class='ocrx_word' id='word_1_324' title='bbox 784 3477 817 3532; x_wconf 80' lang='lat' dir='ltr'>ati</span> <span class='ocrx_word' id='word_1_325' title='bbox 838 3477 962 3532; x_wconf 88' lang='lat' dir='ltr'>ultimam</span> 
     </span>
     <span class='ocr_line' id='line_1_46' title="bbox 155 3559 962 3636; baseline 0.016 -24"><span class='ocrx_word' id='word_1_326' title='bbox 155 3559 276 3629; x_wconf 85' lang='lat' dir='ltr'>speciem</span> <span class='ocrx_word' id='word_1_327' title='bbox 284 3565 392 3634; x_wconf 89' lang='lat' dir='ltr'>corpori</span> <span class='ocrx_word' id='word_1_328' title='bbox 400 3567 533 3636; x_wconf 76' lang='lat' dir='ltr'>suptpouit</span> <span class='ocrx_word' id='word_1_329' title='bbox 543 3567 696 3635; x_wconf 90' lang='lat' dir='ltr'>bominem,</span> <span class='ocrx_word' id='word_1_330' title='bbox 709 3569 806 3624; x_wconf 90' lang='lat' dir='ltr'>dicens</span> <span class='ocrx_word' id='word_1_331' title='bbox 820 3570 962 3625; x_wconf 87' lang='lat' dir='ltr'>bominem</span> 
     </span>
     <span class='ocr_line' id='line_1_47' title="bbox 157 3655 965 3728; baseline 0.019 -26"><span class='ocrx_word' id='word_1_332' title='bbox 157 3663 217 3703; x_wconf 88' lang='lat' dir='ltr'>esse</span> <span class='ocrx_word' id='word_1_333' title='bbox 246 3667 346 3723; x_wconf 89' lang='lat' dir='ltr'>corpus</span> <span class='ocrx_word' id='word_1_334' title='bbox 376 3655 537 3725; x_wconf 81' lang='lat' dir='ltr'>animatum,</span> <span class='ocrx_word' id='word_1_335' title='bbox 568 3659 712 3726; x_wconf 85' lang='lat' dir='ltr'>sensibile,</span> <span class='ocrx_word' id='word_1_336' title='bbox 747 3661 890 3728; x_wconf 84' lang='lat' dir='ltr'>rationale,</span> <span class='ocrx_word' id='word_1_337' title='bbox 921 3663 965 3717; x_wconf 90' lang='lat' dir='ltr'>bic</span> 
     </span>
     <span class='ocr_line' id='line_1_48' title="bbox 159 3749 964 3827; baseline 0.016 -29"><span class='ocrx_word' id='word_1_338' title='bbox 159 3761 267 3814; x_wconf 71' lang='lat' dir='ltr'>proneos</span> <span class='ocrx_word' id='word_1_339' title='bbox 279 3749 415 3805; x_wconf 89' lang='lat' dir='ltr'>rationem</span> <span class='ocrx_word' id='word_1_340' title='bbox 429 3767 478 3821; x_wconf 92' lang='lat' dir='ltr'>pro</span> <span class='ocrx_word' id='word_1_341' title='bbox 496 3753 649 3819; x_wconf 85' lang='lat' dir='ltr'>locutione;</span> <span class='ocrx_word' id='word_1_342' title='bbox 681 3756 746 3827; x_wconf 90' lang='lat' dir='ltr'>quia</span> <span class='ocrx_word' id='word_1_343' title='bbox 763 3757 832 3811; x_wconf 88' lang='lat' dir='ltr'>siout</span> <span class='ocrx_word' id='word_1_344' title='bbox 858 3758 964 3813; x_wconf 85' lang='lat' dir='ltr'>ratione</span> 
     </span>
     <span class='ocr_line' id='line_1_49' title="bbox 157 3838 965 3914; baseline 0.017 -26"><span class='ocrx_word' id='word_1_345' title='bbox 157 3852 235 3890; x_wconf 90' lang='lat' dir='ltr'>mens</span> <span class='ocrx_word' id='word_1_346' title='bbox 257 3838 340 3903; x_wconf 84' lang='lat' dir='ltr'>intus,</span> <span class='ocrx_word' id='word_1_347' title='bbox 358 3840 393 3893; x_wconf 86' lang='lat' dir='ltr'>ita</span> <span class='ocrx_word' id='word_1_348' title='bbox 409 3856 538 3897; x_wconf 87' lang='lat' dir='ltr'>sermone</span> <span class='ocrx_word' id='word_1_349' title='bbox 560 3858 660 3914; x_wconf 88' lang='lat' dir='ltr'>corpus</span> <span class='ocrx_word' id='word_1_350' title='bbox 675 3845 761 3900; x_wconf 87' lang='lat' dir='ltr'>ulitur</span> <span class='ocrx_word' id='word_1_351' title='bbox 776 3847 906 3901; x_wconf 89' lang='lat' dir='ltr'>exterius.</span> <span class='ocrx_word' id='word_1_352' title='bbox 935 3847 965 3903; x_wconf 86' lang='lat' dir='ltr'>Et</span> 
     </span>
     <span class='ocr_line' id='line_1_50' title="bbox 156 3928 961 4010; baseline 0.019 -30"><span class='ocrx_word' id='word_1_353' title='bbox 156 3928 222 3997; x_wconf 86' lang='lat' dir='ltr'>quia</span> <span class='ocrx_word' id='word_1_354' title='bbox 236 3944 310 3998; x_wconf 73' lang='lat' dir='ltr'>saepe</span> <span class='ocrx_word' id='word_1_355' title='bbox 326 3930 390 3983; x_wconf 92' lang='lat' dir='ltr'>dum</span> <span class='ocrx_word' id='word_1_356' title='bbox 412 3932 446 3987; x_wconf 90' lang='lat' dir='ltr'>de</span> <span class='ocrx_word' id='word_1_357' title='bbox 462 3939 530 3995; x_wconf 90' lang='lat' dir='ltr'>tolo,</span> <span class='ocrx_word' id='word_1_358' title='bbox 546 3934 618 4004; x_wconf 86' lang='lat' dir='ltr'>qttod</span> <span class='ocrx_word' id='word_1_359' title='bbox 649 3935 722 3990; x_wconf 92' lang='lat' dir='ltr'>inest</span> <span class='ocrx_word' id='word_1_360' title='bbox 737 3937 817 4007; x_wconf 83' lang='lat' dir='ltr'>perti,</span> <span class='ocrx_word' id='word_1_361' title='bbox 848 3947 875 3993; x_wconf 92' lang='lat' dir='ltr'>el</span> <span class='ocrx_word' id='word_1_362' title='bbox 890 3941 961 4010; x_wconf 85' lang='lat' dir='ltr'>quod</span> 
     </span>
     <span class='ocr_line' id='line_1_51' title="bbox 157 4013 966 4095; baseline 0.021 -28"><span class='ocrx_word' id='word_1_363' title='bbox 157 4013 258 4068; x_wconf 88' lang='lat' dir='ltr'>dicitur</span> <span class='ocrx_word' id='word_1_364' title='bbox 278 4015 311 4070; x_wconf 90' lang='lat' dir='ltr'>de</span> <span class='ocrx_word' id='word_1_365' title='bbox 332 4027 420 4087; x_wconf 85' lang='lat' dir='ltr'>perte,</span> <span class='ocrx_word' id='word_1_366' title='bbox 447 4022 541 4094; x_wconf 79' lang='lat' dir='ltr'>negari</span> <span class='ocrx_word' id='word_1_367' title='bbox 571 4038 646 4094; x_wconf 76' lang='lat' dir='ltr'>saepe</span> <span class='ocrx_word' id='word_1_368' title='bbox 671 4040 725 4080; x_wconf 92' lang='lat' dir='ltr'>non</span> <span class='ocrx_word' id='word_1_369' title='bbox 748 4033 839 4095; x_wconf 89' lang='lat' dir='ltr'>polest</span> <span class='ocrx_word' id='word_1_370' title='bbox 859 4029 919 4093; x_wconf 86' lang='lat' dir='ltr'>toli,</span> <span class='ocrx_word' id='word_1_371' title='bbox 936 4037 966 4084; x_wconf 92' lang='lat' dir='ltr'>ut</span> 
     </span>
     <span class='ocr_line' id='line_1_52' title="bbox 157 4103 963 4184; baseline 0.021 -29"><span class='ocrx_word' id='word_1_372' title='bbox 157 4103 229 4157; x_wconf 87' lang='lat' dir='ltr'>idem</span> <span class='ocrx_word' id='word_1_373' title='bbox 245 4105 304 4174; x_wconf 88' lang='lat' dir='ltr'>ipse</span> <span class='ocrx_word' id='word_1_374' title='bbox 315 4107 416 4178; x_wconf 87' lang='lat' dir='ltr'>uliquis</span> <span class='ocrx_word' id='word_1_375' title='bbox 427 4116 454 4164; x_wconf 90' lang='lat' dir='ltr'>ct</span> <span class='ocrx_word' id='word_1_376' title='bbox 468 4109 546 4180; x_wconf 75' lang='lat' dir='ltr'>niger</span> <span class='ocrx_word' id='word_1_377' title='bbox 556 4110 663 4166; x_wconf 87' lang='lat' dir='ltr'>dicatur</span> <span class='ocrx_word' id='word_1_378' title='bbox 679 4129 789 4184; x_wconf 89' lang='lat' dir='ltr'>corpus,</span> <span class='ocrx_word' id='word_1_379' title='bbox 803 4126 830 4170; x_wconf 89' lang='lat' dir='ltr'>ot</span> <span class='ocrx_word' id='word_1_380' title='bbox 843 4117 963 4172; x_wconf 88' lang='lat' dir='ltr'>animam</span> 
     </span>
     <span class='ocr_line' id='line_1_53' title="bbox 152 4194 964 4263; baseline 0.02 -16"><span class='ocrx_word' id='word_1_381' title='bbox 152 4194 252 4262; x_wconf 77' lang='lat' dir='ltr'>justus,</span> <span class='ocrx_word' id='word_1_382' title='bbox 273 4196 313 4251; x_wconf 90' lang='lat' dir='ltr'>sie</span> <span class='ocrx_word' id='word_1_383' title='bbox 332 4198 422 4252; x_wconf 90' lang='lat' dir='ltr'>omnis</span> <span class='ocrx_word' id='word_1_384' title='bbox 452 4200 534 4255; x_wconf 88' lang='lat' dir='ltr'>bomo</span> <span class='ocrx_word' id='word_1_385' title='bbox 562 4218 623 4257; x_wconf 85' lang='lat' dir='ltr'>curn</span> <span class='ocrx_word' id='word_1_386' title='bbox 644 4220 677 4258; x_wconf 89' lang='lat' dir='ltr'>ex</span> <span class='ocrx_word' id='word_1_387' title='bbox 702 4204 793 4259; x_wconf 84' lang='lat' dir='ltr'>anima</span> <span class='ocrx_word' id='word_1_388' title='bbox 808 4215 917 4262; x_wconf 86' lang='lat' dir='ltr'>ccrrslel</span> <span class='ocrx_word' id='word_1_389' title='bbox 937 4216 964 4263; x_wconf 89' lang='lat' dir='ltr'>ei</span> 
     </span>
     <span class='ocr_line' id='line_1_54' title="bbox 153 4287 960 4361; baseline 0.025 -31"><span class='ocrx_word' id='word_1_390' title='bbox 153 4298 280 4352; x_wconf 85' lang='lat' dir='ltr'>rorpore,</span> <span class='ocrx_word' id='word_1_391' title='bbox 304 4300 352 4354; x_wconf 90' lang='lat' dir='ltr'>per</span> <span class='ocrx_word' id='word_1_392' title='bbox 375 4287 494 4341; x_wconf 85' lang='lat' dir='ltr'>unimam</span> <span class='ocrx_word' id='word_1_393' title='bbox 517 4299 607 4344; x_wconf 74' lang='lat' dir='ltr'>tarmen</span> <span class='ocrx_word' id='word_1_394' title='bbox 624 4302 753 4361; x_wconf 90' lang='lat' dir='ltr'>peccator</span> <span class='ocrx_word' id='word_1_395' title='bbox 769 4294 870 4350; x_wconf 87' lang='lat' dir='ltr'>dicitur</span> <span class='ocrx_word' id='word_1_396' title='bbox 890 4312 960 4352; x_wconf 87' lang='lat' dir='ltr'>esso.</span> 
     </span>
     <span class='ocr_line' id='line_1_55' title="bbox 161 4372 963 4453; baseline 0.02 -27"><span class='ocrx_word' id='word_1_397' title='bbox 161 4372 250 4428; x_wconf 89' lang='lat' dir='ltr'>i&#39;otum</span> <span class='ocrx_word' id='word_1_398' title='bbox 266 4382 308 4429; x_wconf 88' lang='lat' dir='ltr'>est</span> <span class='ocrx_word' id='word_1_399' title='bbox 324 4391 355 4430; x_wconf 90' lang='lat' dir='ltr'>ex</span> <span class='ocrx_word' id='word_1_400' title='bbox 385 4378 478 4433; x_wconf 88' lang='lat' dir='ltr'>multis</span> <span class='ocrx_word' id='word_1_401' title='bbox 493 4380 637 4450; x_wconf 84' lang='lat' dir='ltr'>partibus?</span> <span class='ocrx_word' id='word_1_402' title='bbox 655 4385 731 4448; x_wconf 74' lang='lat' dir='ltr'>Quod</span> <span class='ocrx_word' id='word_1_403' title='bbox 758 4401 829 4440; x_wconf 87' lang='lat' dir='ltr'>unus</span> <span class='ocrx_word' id='word_1_404' title='bbox 848 4395 899 4453; x_wconf 90' lang='lat' dir='ltr'>est,</span> <span class='ocrx_word' id='word_1_405' title='bbox 921 4387 963 4441; x_wconf 93' lang='lat' dir='ltr'>di·</span> 
     </span>
     <span class='ocr_line' id='line_1_56' title="bbox 153 4461 964 4545; baseline 0.018 -30"><span class='ocrx_word' id='word_1_406' title='bbox 153 4487 156 4504; x_wconf 77' lang='grc' dir='ltr'>ι</span> <span class='ocrx_word' id='word_1_407' title='bbox 171 4461 225 4516; x_wconf 91' lang='lat' dir='ltr'>itur</span> <span class='ocrx_word' id='word_1_408' title='bbox 243 4464 278 4518; x_wconf 91' lang='lat' dir='ltr'>de</span> <span class='ocrx_word' id='word_1_409' title='bbox 299 4471 367 4528; x_wconf 89' lang='lat' dir='ltr'>toto,</span> <span class='ocrx_word' id='word_1_410' title='bbox 387 4482 442 4522; x_wconf 89' lang='lat' dir='ltr'>nou</span> <span class='ocrx_word' id='word_1_411' title='bbox 462 4475 553 4523; x_wconf 84' lang='lat' dir='ltr'>lernen</span> <span class='ocrx_word' id='word_1_412' title='bbox 569 4469 603 4525; x_wconf 91' lang='lat' dir='ltr'>de</span> <span class='ocrx_word' id='word_1_413' title='bbox 619 4471 761 4539; x_wconf 90' lang='lat' dir='ltr'>omuibus,</span> <span class='ocrx_word' id='word_1_414' title='bbox 777 4473 879 4528; x_wconf 88' lang='lat' dir='ltr'>dicitur</span> <span class='ocrx_word' id='word_1_415' title='bbox 896 4492 964 4545; x_wconf 87' lang='lat' dir='ltr'>pec·</span> 
     </span>
    </p>
   </div>
   <div class='ocr_carea' id='block_1_13' title="bbox 154 4560 964 4721">
    <p class='ocr_par' dir='ltr' id='par_1_14' title="bbox 154 4560 964 4721">
     <span class='ocr_line' id='line_1_57' title="bbox 154 4560 964 4641; baseline 0.019 -30"><span class='ocrx_word' id='word_1_416' title='bbox 154 4566 230 4613; x_wconf 74' lang='lat' dir='ltr'>«ator</span> <span class='ocrx_word' id='word_1_417' title='bbox 249 4560 297 4632; x_wconf 90' lang='lat' dir='ltr'>qui</span> <span class='ocrx_word' id='word_1_418' title='bbox 312 4571 420 4618; x_wconf 88' lang='lat' dir='ltr'>constet</span> <span class='ocrx_word' id='word_1_419' title='bbox 440 4580 615 4635; x_wconf 89' lang='lat' dir='ltr'>excerpere,</span> <span class='ocrx_word' id='word_1_420' title='bbox 633 4582 684 4622; x_wconf 89' lang='lat' dir='ltr'>nec</span> <span class='ocrx_word' id='word_1_421' title='bbox 704 4577 794 4622; x_wconf 87' lang='lat' dir='ltr'>temon</span> <span class='ocrx_word' id='word_1_422' title='bbox 815 4569 849 4623; x_wconf 88' lang='lat' dir='ltr'>ad</span> <span class='ocrx_word' id='word_1_423' title='bbox 864 4585 964 4641; x_wconf 88' lang='lat' dir='ltr'>eorpus</span> 
     </span>
     <span class='ocr_line' id='line_1_58' title="bbox 155 4650 415 4721; baseline 0.027 -19"><span class='ocrx_word' id='word_1_424' title='bbox 155 4650 275 4716; x_wconf 80' lang='lat' dir='ltr'>pertinet</span> <span class='ocrx_word' id='word_1_425' title='bbox 290 4666 415 4721; x_wconf 87' lang='lat' dir='ltr'>peccaro.</span> 
     </span>
    </p>
   </div>
   <div class='ocr_carea' id='block_1_14' title="bbox 214 4782 896 4861">
    <p class='ocr_par' dir='ltr' id='par_1_15' title="bbox 214 4782 896 4861">
     <span class='ocr_line' id='line_1_59' title="bbox 214 4782 896 4861; baseline 0.012 -25"><span class='ocrx_word' id='word_1_426' title='bbox 214 4782 289 4848; x_wconf 81' lang='lat' dir='ltr'>Quod</span> <span class='ocrx_word' id='word_1_427' title='bbox 299 4786 329 4837; x_wconf 83' lang='lat' dir='ltr'>le</span> <span class='ocrx_word' id='word_1_428' title='bbox 340 4785 498 4842; x_wconf 77' lang='lat' dir='ltr'>substantiis</span> <span class='ocrx_word' id='word_1_429' title='bbox 514 4789 641 4857; x_wconf 78' lang='lat' dir='ltr'>piurimis</span> <span class='ocrx_word' id='word_1_430' title='bbox 650 4797 689 4845; x_wconf 81' lang='lat' dir='ltr'>cst</span> <span class='ocrx_word' id='word_1_431' title='bbox 703 4807 760 4846; x_wconf 80' lang='lat' dir='ltr'>uno</span> <span class='ocrx_word' id='word_1_432' title='bbox 770 4805 896 4861; x_wconf 82' lang='lat' dir='ltr'>persona.</span> 
     </span>
    </p>
   </div>
   <div class='ocr_carea' id='block_1_15' title="bbox 154 4888 961 5612">
    <p class='ocr_par' dir='ltr' id='par_1_16' title="bbox 154 4888 961 5612">
     <span class='ocr_line' id='line_1_60' title="bbox 191 4888 960 4970; baseline 0.021 -31"><span class='ocrx_word' id='word_1_433' title='bbox 191 4888 235 4944; x_wconf 83' lang='lat' dir='ltr'>Sic</span> <span class='ocrx_word' id='word_1_434' title='bbox 247 4905 364 4960; x_wconf 87' lang='lat' dir='ltr'>persona</span> <span class='ocrx_word' id='word_1_435' title='bbox 378 4893 480 4950; x_wconf 86' lang='lat' dir='ltr'>dicitur</span> <span class='ocrx_word' id='word_1_436' title='bbox 492 4896 598 4966; x_wconf 76' lang='lat' dir='ltr'>Petrae,</span> <span class='ocrx_word' id='word_1_437' title='bbox 608 4914 670 4954; x_wconf 88' lang='lat' dir='ltr'>eum</span> <span class='ocrx_word' id='word_1_438' title='bbox 685 4913 802 4969; x_wconf 85' lang='lat' dir='ltr'>persona</span> <span class='ocrx_word' id='word_1_439' title='bbox 815 4915 869 4955; x_wconf 80' lang='lat' dir='ltr'>riou</span> <span class='ocrx_word' id='word_1_440' title='bbox 879 4902 960 4970; x_wconf 89' lang='lat' dir='ltr'>perli-</span> 
     </span>
     <span class='ocr_line' id='line_1_61' title="bbox 156 4980 960 5058; baseline 0.02 -31"><span class='ocrx_word' id='word_1_441' title='bbox 156 4985 219 5033; x_wconf 86' lang='lat' dir='ltr'>teet</span> <span class='ocrx_word' id='word_1_442' title='bbox 231 4980 265 5033; x_wconf 86' lang='lat' dir='ltr'>ad</span> <span class='ocrx_word' id='word_1_443' title='bbox 281 4995 390 5049; x_wconf 75' lang='lat' dir='ltr'>eorpuS,</span> <span class='ocrx_word' id='word_1_444' title='bbox 412 4990 559 5038; x_wconf 85' lang='lat' dir='ltr'>esttamen</span> <span class='ocrx_word' id='word_1_445' title='bbox 579 5001 680 5056; x_wconf 90' lang='lat' dir='ltr'>eorpus</span> <span class='ocrx_word' id='word_1_446' title='bbox 697 4988 824 5058; x_wconf 88' lang='lat' dir='ltr'>junctum</span> <span class='ocrx_word' id='word_1_447' title='bbox 850 4988 960 5054; x_wconf 69' lang='lat' dir='ltr'>attimar,</span> 
     </span>
     <span class='ocr_line' id='line_1_62' title="bbox 155 5068 961 5148; baseline 0.014 -28"><span class='ocrx_word' id='word_1_448' title='bbox 155 5074 184 5121; x_wconf 90' lang='lat' dir='ltr'>ut</span> <span class='ocrx_word' id='word_1_449' title='bbox 197 5068 366 5125; x_wconf 84' lang='lat' dir='ltr'>imbenlcum</span> <span class='ocrx_word' id='word_1_450' title='bbox 384 5072 476 5127; x_wconf 87' lang='lat' dir='ltr'>anima</span> <span class='ocrx_word' id='word_1_451' title='bbox 486 5074 560 5145; x_wconf 90' lang='lat' dir='ltr'>quod</span> <span class='ocrx_word' id='word_1_452' title='bbox 574 5090 628 5128; x_wconf 92' lang='lat' dir='ltr'>non</span> <span class='ocrx_word' id='word_1_453' title='bbox 640 5075 723 5130; x_wconf 84' lang='lat' dir='ltr'>babet</span> <span class='ocrx_word' id='word_1_454' title='bbox 738 5093 788 5148; x_wconf 90' lang='lat' dir='ltr'>per</span> <span class='ocrx_word' id='word_1_455' title='bbox 800 5094 840 5132; x_wconf 85' lang='lat' dir='ltr'>se.</span> <span class='ocrx_word' id='word_1_456' title='bbox 858 5077 961 5132; x_wconf 84' lang='lat' dir='ltr'>ilicilur</span> 
     </span>
     <span class='ocr_line' id='line_1_63' title="bbox 155 5161 961 5239; baseline 0.014 -26"><span class='ocrx_word' id='word_1_457' title='bbox 155 5175 220 5231; x_wconf 74' lang='lat' dir='ltr'>ergo</span> <span class='ocrx_word' id='word_1_458' title='bbox 236 5161 398 5218; x_wconf 77' lang='lat' dir='ltr'>individuus</span> <span class='ocrx_word' id='word_1_459' title='bbox 426 5166 508 5221; x_wconf 92' lang='lat' dir='ltr'>bomo</span> <span class='ocrx_word' id='word_1_460' title='bbox 534 5181 653 5236; x_wconf 84' lang='lat' dir='ltr'>persona</span> <span class='ocrx_word' id='word_1_461' title='bbox 673 5184 728 5224; x_wconf 89' lang='lat' dir='ltr'>non</span> <span class='ocrx_word' id='word_1_462' title='bbox 756 5183 882 5239; x_wconf 88' lang='lat' dir='ltr'>corpore,</span> <span class='ocrx_word' id='word_1_463' title='bbox 911 5170 961 5224; x_wconf 89' lang='lat' dir='ltr'>sed</span> 
     </span>
     <span class='ocr_line' id='line_1_64' title="bbox 154 5252 957 5336; baseline 0.022 -34"><span class='ocrx_word' id='word_1_464' title='bbox 154 5252 258 5319; x_wconf 81' lang='lat' dir='ltr'>auimo,</span> <span class='ocrx_word' id='word_1_465' title='bbox 272 5255 363 5312; x_wconf 90' lang='lat' dir='ltr'>anima</span> <span class='ocrx_word' id='word_1_466' title='bbox 392 5273 511 5329; x_wconf 75' lang='lat' dir='ltr'>nauaque</span> <span class='ocrx_word' id='word_1_467' title='bbox 537 5274 637 5329; x_wconf 88' lang='lat' dir='ltr'>corpus</span> <span class='ocrx_word' id='word_1_468' title='bbox 651 5260 766 5316; x_wconf 84' lang='lat' dir='ltr'>assumit</span> <span class='ocrx_word' id='word_1_469' title='bbox 790 5263 818 5316; x_wconf 90' lang='lat' dir='ltr'>in</span> <span class='ocrx_word' id='word_1_470' title='bbox 831 5279 879 5317; x_wconf 86' lang='lat' dir='ltr'>sue</span> <span class='ocrx_word' id='word_1_471' title='bbox 892 5281 957 5336; x_wconf 90' lang='lat' dir='ltr'>per·</span> 
     </span>
     <span class='ocr_line' id='line_1_65' title="bbox 155 5343 960 5420; baseline 0.024 -29"><span class='ocrx_word' id='word_1_472' title='bbox 155 5355 234 5406; x_wconf 73' lang='lat' dir='ltr'>sana,</span> <span class='ocrx_word' id='word_1_473' title='bbox 249 5350 278 5398; x_wconf 87' lang='lat' dir='ltr'>ut</span> <span class='ocrx_word' id='word_1_474' title='bbox 292 5343 318 5398; x_wconf 93' lang='lat' dir='ltr'>in</span> <span class='ocrx_word' id='word_1_475' title='bbox 335 5361 390 5400; x_wconf 88' lang='lat' dir='ltr'>una</span> <span class='ocrx_word' id='word_1_476' title='bbox 405 5361 534 5417; x_wconf 88' lang='lat' dir='ltr'>persona,</span> <span class='ocrx_word' id='word_1_477' title='bbox 552 5349 653 5420; x_wconf 85' lang='lat' dir='ltr'>duplex</span> <span class='ocrx_word' id='word_1_478' title='bbox 672 5350 707 5404; x_wconf 91' lang='lat' dir='ltr'>sit</span> <span class='ocrx_word' id='word_1_479' title='bbox 719 5351 881 5408; x_wconf 86' lang='lat' dir='ltr'>substantia.</span> <span class='ocrx_word' id='word_1_480' title='bbox 904 5355 960 5410; x_wconf 92' lang='lat' dir='ltr'>lioc</span> 
     </span>
     <span class='ocr_line' id='line_1_66' title="bbox 156 5433 960 5517; baseline 0.029 -36"><span class='ocrx_word' id='word_1_481' title='bbox 156 5433 274 5489; x_wconf 84' lang='lat' dir='ltr'>maximo</span> <span class='ocrx_word' id='word_1_482' title='bbox 295 5436 378 5492; x_wconf 86' lang='lat' dir='ltr'>distat</span> <span class='ocrx_word' id='word_1_483' title='bbox 405 5455 421 5492; x_wconf 87' lang='lat' dir='ltr'>a</span> <span class='ocrx_word' id='word_1_484' title='bbox 448 5438 575 5495; x_wconf 86' lang='lat' dir='ltr'>Creatore</span> <span class='ocrx_word' id='word_1_485' title='bbox 599 5450 734 5509; x_wconf 86' lang='lat' dir='ltr'>creatura,</span> <span class='ocrx_word' id='word_1_486' title='bbox 768 5445 842 5516; x_wconf 90' lang='lat' dir='ltr'>quod</span> <span class='ocrx_word' id='word_1_487' title='bbox 865 5447 960 5517; x_wconf 86' lang='lat' dir='ltr'>plures</span> 
     </span>
     <span class='ocr_line' id='line_1_67' title="bbox 158 5528 960 5612; baseline 0.03 -41"><span class='ocrx_word' id='word_1_488' title='bbox 158 5537 287 5585; x_wconf 82' lang='lat' dir='ltr'>personas</span> <span class='ocrx_word' id='word_1_489' title='bbox 315 5528 423 5585; x_wconf 83' lang='lat' dir='ltr'>Creator</span> <span class='ocrx_word' id='word_1_490' title='bbox 448 5530 532 5588; x_wconf 88' lang='lat' dir='ltr'>babel</span> <span class='ocrx_word' id='word_1_491' title='bbox 558 5532 586 5587; x_wconf 89' lang='lat' dir='ltr'>in</span> <span class='ocrx_word' id='word_1_492' title='bbox 615 5549 669 5588; x_wconf 90' lang='lat' dir='ltr'>una</span> <span class='ocrx_word' id='word_1_493' title='bbox 695 5536 858 5604; x_wconf 88' lang='lat' dir='ltr'>substantia,</span> <span class='ocrx_word' id='word_1_494' title='bbox 886 5541 960 5612; x_wconf 84' lang='lat' dir='ltr'>quod</span> 
     </span>
    </p>
   </div>
   <div class='ocr_carea' id='block_1_16' title="bbox 1010 2091 1823 2881">
    <p class='ocr_par' dir='ltr' id='par_1_17' title="bbox 1010 2091 1823 2881">
     <span class='ocr_line' id='line_1_68' title="bbox 1010 2091 1822 2165; baseline 0.002 -21"><span class='ocrx_word' id='word_1_495' title='bbox 1010 2091 1243 2147; x_wconf 89' lang='lat' dir='ltr'>iuveniturunam</span> <span class='ocrx_word' id='word_1_496' title='bbox 1269 2093 1372 2149; x_wconf 90' lang='lat' dir='ltr'>habere</span> <span class='ocrx_word' id='word_1_497' title='bbox 1391 2110 1535 2165; x_wconf 88' lang='lat' dir='ltr'>personam</span> <span class='ocrx_word' id='word_1_498' title='bbox 1557 2095 1586 2148; x_wconf 93' lang='lat' dir='ltr'>in</span> <span class='ocrx_word' id='word_1_499' title='bbox 1609 2093 1743 2164; x_wconf 91' lang='lat' dir='ltr'>pluribus</span> <span class='ocrx_word' id='word_1_500' title='bbox 1758 2095 1822 2148; x_wconf 88' lang='lat' dir='ltr'>sub·</span> 
     </span>
     <span class='ocr_line' id='line_1_69' title="bbox 1010 2180 1822 2253; baseline 0.004 -21"><span class='ocrx_word' id='word_1_501' title='bbox 1010 2180 1128 2247; x_wconf 86' lang='lat' dir='ltr'>stuntiis,</span> <span class='ocrx_word' id='word_1_502' title='bbox 1139 2181 1213 2252; x_wconf 89' lang='lat' dir='ltr'>quod</span> <span class='ocrx_word' id='word_1_503' title='bbox 1223 2197 1285 2237; x_wconf 84' lang='lat' dir='ltr'>esse</span> <span class='ocrx_word' id='word_1_504' title='bbox 1295 2198 1349 2237; x_wconf 91' lang='lat' dir='ltr'>non</span> <span class='ocrx_word' id='word_1_505' title='bbox 1364 2191 1453 2253; x_wconf 86' lang='lat' dir='ltr'>potest</span> <span class='ocrx_word' id='word_1_506' title='bbox 1467 2183 1494 2236; x_wconf 92' lang='lat' dir='ltr'>in</span> <span class='ocrx_word' id='word_1_507' title='bbox 1508 2183 1659 2251; x_wconf 87' lang='lat' dir='ltr'>majestate</span> <span class='ocrx_word' id='word_1_508' title='bbox 1675 2182 1822 2242; x_wconf 78' lang='lat' dir='ltr'>Crantoris,</span> 
     </span>
     <span class='ocr_line' id='line_1_70' title="bbox 1010 2272 1823 2345; baseline 0.002 -19"><span class='ocrx_word' id='word_1_509' title='bbox 1010 2272 1056 2328; x_wconf 85' lang='lat' dir='ltr'>Est</span> <span class='ocrx_word' id='word_1_510' title='bbox 1074 2272 1157 2344; x_wconf 83' lang='lat' dir='ltr'>igitur</span> <span class='ocrx_word' id='word_1_511' title='bbox 1171 2274 1330 2330; x_wconf 88' lang='lat' dir='ltr'>individuus</span> <span class='ocrx_word' id='word_1_512' title='bbox 1346 2276 1440 2337; x_wconf 87' lang='lat' dir='ltr'>homo.</span> <span class='ocrx_word' id='word_1_513' title='bbox 1457 2275 1623 2345; x_wconf 87' lang='lat' dir='ltr'>multiplicis</span> <span class='ocrx_word' id='word_1_514' title='bbox 1653 2276 1823 2339; x_wconf 70' lang='lat' dir='ltr'>substantiae,</span> 
     </span>
     <span class='ocr_line' id='line_1_71' title="bbox 1011 2365 1822 2438; baseline 0.002 -20"><span class='ocrx_word' id='word_1_515' title='bbox 1011 2365 1134 2419; x_wconf 89' lang='lat' dir='ltr'>etunius</span> <span class='ocrx_word' id='word_1_516' title='bbox 1150 2381 1286 2436; x_wconf 72' lang='lat' dir='ltr'>personae,</span> <span class='ocrx_word' id='word_1_517' title='bbox 1312 2382 1430 2437; x_wconf 89' lang='lat' dir='ltr'>persona</span> <span class='ocrx_word' id='word_1_518' title='bbox 1445 2383 1512 2432; x_wconf 88' lang='lat' dir='ltr'>una,</span> <span class='ocrx_word' id='word_1_519' title='bbox 1528 2366 1680 2438; x_wconf 84' lang='lat' dir='ltr'>multiplex</span> <span class='ocrx_word' id='word_1_520' title='bbox 1702 2367 1822 2421; x_wconf 87' lang='lat' dir='ltr'>snbstan-</span> 
     </span>
     <span class='ocr_line' id='line_1_72' title="bbox 1011 2453 1822 2526; baseline 0.002 -20"><span class='ocrx_word' id='word_1_521' title='bbox 1011 2453 1056 2508; x_wconf 84' lang='lat' dir='ltr'>tia.</span> <span class='ocrx_word' id='word_1_522' title='bbox 1075 2453 1197 2510; x_wconf 88' lang='lat' dir='ltr'>liumann</span> <span class='ocrx_word' id='word_1_523' title='bbox 1226 2461 1467 2526; x_wconf 86' lang='lat' dir='ltr'>personaconstat</span> <span class='ocrx_word' id='word_1_524' title='bbox 1496 2455 1692 2526; x_wconf 90' lang='lat' dir='ltr'>expluribus,</span> <span class='ocrx_word' id='word_1_525' title='bbox 1719 2462 1748 2510; x_wconf 90' lang='lat' dir='ltr'>et</span> <span class='ocrx_word' id='word_1_526' title='bbox 1774 2472 1822 2509; x_wconf 88' lang='lat' dir='ltr'>neu</span> 
     </span>
     <span class='ocr_line' id='line_1_73' title="bbox 1011 2544 1823 2617; baseline 0.001 -19"><span class='ocrx_word' id='word_1_527' title='bbox 1011 2544 1111 2600; x_wconf 90' lang='lat' dir='ltr'>dicitur</span> <span class='ocrx_word' id='word_1_528' title='bbox 1135 2547 1171 2600; x_wconf 91' lang='lat' dir='ltr'>de</span> <span class='ocrx_word' id='word_1_529' title='bbox 1190 2547 1331 2617; x_wconf 60' lang='lat' dir='ltr'>plumbum</span> <span class='ocrx_word' id='word_1_530' title='bbox 1359 2553 1402 2601; x_wconf 87' lang='lat' dir='ltr'>est</span> <span class='ocrx_word' id='word_1_531' title='bbox 1422 2546 1581 2611; x_wconf 78' lang='lat' dir='ltr'>divisibilis,</span> <span class='ocrx_word' id='word_1_532' title='bbox 1612 2555 1645 2600; x_wconf 92' lang='lat' dir='ltr'>ut</span> <span class='ocrx_word' id='word_1_533' title='bbox 1670 2553 1760 2602; x_wconf 90' lang='lat' dir='ltr'>lotum</span> <span class='ocrx_word' id='word_1_534' title='bbox 1781 2562 1823 2616; x_wconf 90' lang='lat' dir='ltr'>per</span> 
     </span>
     <span class='ocr_line' id='line_1_74' title="bbox 1011 2634 1822 2708; baseline 0.001 -21"><span class='ocrx_word' id='word_1_535' title='bbox 1011 2635 1150 2701; x_wconf 73' lang='lat' dir='ltr'>membra,</span> <span class='ocrx_word' id='word_1_536' title='bbox 1164 2642 1206 2690; x_wconf 91' lang='lat' dir='ltr'>esl</span> <span class='ocrx_word' id='word_1_537' title='bbox 1220 2634 1408 2699; x_wconf 87' lang='lat' dir='ltr'>indivisibilis,</span> <span class='ocrx_word' id='word_1_538' title='bbox 1424 2641 1453 2690; x_wconf 91' lang='lat' dir='ltr'>ut</span> <span class='ocrx_word' id='word_1_539' title='bbox 1467 2634 1609 2708; x_wconf 80' lang='lat' dir='ltr'>singulare</span> <span class='ocrx_word' id='word_1_540' title='bbox 1623 2634 1822 2705; x_wconf 82' lang='lat' dir='ltr'>persubjocta;</span> 
     </span>
     <span class='ocr_line' id='line_1_75' title="bbox 1010 2725 1821 2797; baseline -0.002 -17"><span class='ocrx_word' id='word_1_541' title='bbox 1010 2726 1075 2796; x_wconf 86' lang='lat' dir='ltr'>quia</span> <span class='ocrx_word' id='word_1_542' title='bbox 1098 2734 1189 2796; x_wconf 86' lang='lat' dir='ltr'>parles</span> <span class='ocrx_word' id='word_1_543' title='bbox 1204 2727 1287 2781; x_wconf 87' lang='lat' dir='ltr'>babet</span> <span class='ocrx_word' id='word_1_544' title='bbox 1303 2733 1344 2780; x_wconf 86' lang='lat' dir='ltr'>est</span> <span class='ocrx_word' id='word_1_545' title='bbox 1364 2734 1468 2790; x_wconf 91' lang='lat' dir='ltr'>lotum;</span> <span class='ocrx_word' id='word_1_546' title='bbox 1498 2726 1563 2797; x_wconf 86' lang='lat' dir='ltr'>quia</span> <span class='ocrx_word' id='word_1_547' title='bbox 1587 2725 1754 2794; x_wconf 88' lang='lat' dir='ltr'>subjeetum</span> <span class='ocrx_word' id='word_1_548' title='bbox 1775 2740 1821 2779; x_wconf 88' lang='lat' dir='ltr'>uon</span> 
     </span>
     <span class='ocr_line' id='line_1_76' title="bbox 1012 2815 1355 2881; baseline -0.009 -13"><span class='ocrx_word' id='word_1_549' title='bbox 1012 2815 1157 2881; x_wconf 74' lang='lat' dir='ltr'>habetest</span> <span class='ocrx_word' id='word_1_550' title='bbox 1172 2815 1355 2871; x_wconf 90' lang='lat' dir='ltr'>individuum.</span> 
     </span>
    </p>
   </div>
   <div class='ocr_carea' id='block_1_17' title="bbox 1012 2963 1823 3035">
    <p class='ocr_par' dir='ltr' id='par_1_18' title="bbox 1012 2963 1823 3035">
     <span class='ocr_line' id='line_1_77' title="bbox 1012 2963 1823 3035; baseline -0.004 -17"><span class='ocrx_word' id='word_1_551' title='bbox 1012 2963 1086 3030; x_wconf 86' lang='lat' dir='ltr'>Quod</span> <span class='ocrx_word' id='word_1_552' title='bbox 1100 2965 1249 3020; x_wconf 73' lang='lat' dir='ltr'>irritamina</span> <span class='ocrx_word' id='word_1_553' title='bbox 1264 2980 1312 3034; x_wconf 87' lang='lat' dir='ltr'>pro</span> <span class='ocrx_word' id='word_1_554' title='bbox 1326 2965 1405 3034; x_wconf 83' lang='lat' dir='ltr'>eulpa</span> <span class='ocrx_word' id='word_1_555' title='bbox 1416 2978 1535 3033; x_wconf 80' lang='lat' dir='ltr'>persone</span> <span class='ocrx_word' id='word_1_556' title='bbox 1549 2967 1586 3019; x_wconf 83' lang='lat' dir='ltr'>sit</span> <span class='ocrx_word' id='word_1_557' title='bbox 1608 2965 1696 3035; x_wconf 82' lang='lat' dir='ltr'>eulpa</span> <span class='ocrx_word' id='word_1_558' title='bbox 1710 2972 1823 3020; x_wconf 78' lang='lat' dir='ltr'>nature.</span> 
     </span>
    </p>
   </div>
   <div class='ocr_carea' id='block_1_18' title="bbox 1013 3091 1831 4710">
    <p class='ocr_par' dir='ltr' id='par_1_19' title="bbox 1013 3091 1831 4710">
     <span class='ocr_line' id='line_1_78' title="bbox 1050 3091 1825 3165; baseline 0.001 -19"><span class='ocrx_word' id='word_1_559' title='bbox 1050 3091 1080 3146; x_wconf 86' lang='lat' dir='ltr'>El</span> <span class='ocrx_word' id='word_1_560' title='bbox 1093 3092 1163 3147; x_wconf 88' lang='lat' dir='ltr'>sicut</span> <span class='ocrx_word' id='word_1_561' title='bbox 1183 3093 1288 3165; x_wconf 87' lang='lat' dir='ltr'>aliquid</span> <span class='ocrx_word' id='word_1_562' title='bbox 1304 3093 1338 3148; x_wconf 91' lang='lat' dir='ltr'>de</span> <span class='ocrx_word' id='word_1_563' title='bbox 1359 3093 1507 3148; x_wconf 82' lang='lat' dir='ltr'>universali</span> <span class='ocrx_word' id='word_1_564' title='bbox 1523 3092 1628 3147; x_wconf 89' lang='lat' dir='ltr'>dicitur</span> <span class='ocrx_word' id='word_1_565' title='bbox 1648 3109 1701 3163; x_wconf 93' lang='lat' dir='ltr'>pro</span> <span class='ocrx_word' id='word_1_566' title='bbox 1733 3094 1825 3147; x_wconf 88' lang='lat' dir='ltr'>iudiri·</span> 
     </span>
     <span class='ocr_line' id='line_1_79' title="bbox 1013 3190 1826 3264; baseline 0.005 -20"><span class='ocrx_word' id='word_1_567' title='bbox 1013 3191 1080 3256; x_wconf 90' lang='lat' dir='ltr'>duo,</span> <span class='ocrx_word' id='word_1_568' title='bbox 1102 3190 1141 3245; x_wconf 89' lang='lat' dir='ltr'>sic</span> <span class='ocrx_word' id='word_1_569' title='bbox 1171 3191 1275 3262; x_wconf 82' lang='lat' dir='ltr'>aliquid</span> <span class='ocrx_word' id='word_1_570' title='bbox 1300 3192 1464 3263; x_wconf 88' lang='lat' dir='ltr'>diciturpro</span> <span class='ocrx_word' id='word_1_571' title='bbox 1480 3192 1607 3262; x_wconf 83' lang='lat' dir='ltr'>periodo</span> <span class='ocrx_word' id='word_1_572' title='bbox 1626 3200 1699 3260; x_wconf 92' lang='lat' dir='ltr'>toto,</span> <span class='ocrx_word' id='word_1_573' title='bbox 1724 3204 1754 3248; x_wconf 92' lang='lat' dir='ltr'>ut</span> <span class='ocrx_word' id='word_1_574' title='bbox 1768 3210 1826 3264; x_wconf 80' lang='lat' dir='ltr'>pro</span> 
     </span>
     <span class='ocr_line' id='line_1_80' title="bbox 1013 3284 1827 3354; baseline 0.002 -18"><span class='ocrx_word' id='word_1_575' title='bbox 1013 3291 1073 3352; x_wconf 85' lang='lat' dir='ltr'>pter</span> <span class='ocrx_word' id='word_1_576' title='bbox 1093 3284 1211 3337; x_wconf 86' lang='lat' dir='ltr'>animam</span> <span class='ocrx_word' id='word_1_577' title='bbox 1227 3284 1313 3338; x_wconf 86' lang='lat' dir='ltr'>solum</span> <span class='ocrx_word' id='word_1_578' title='bbox 1338 3284 1446 3338; x_wconf 87' lang='lat' dir='ltr'>dicatur</span> <span class='ocrx_word' id='word_1_579' title='bbox 1462 3291 1591 3354; x_wconf 86' lang='lat' dir='ltr'>peccator</span> <span class='ocrx_word' id='word_1_580' title='bbox 1618 3284 1707 3341; x_wconf 92' lang='lat' dir='ltr'>bomo</span> <span class='ocrx_word' id='word_1_581' title='bbox 1732 3286 1827 3340; x_wconf 73' lang='lat' dir='ltr'>indivi-</span> 
     </span>
     <span class='ocr_line' id='line_1_81' title="bbox 1013 3373 1828 3448; baseline 0.004 -21"><span class='ocrx_word' id='word_1_582' title='bbox 1013 3373 1095 3439; x_wconf 89' lang='lat' dir='ltr'>duus,</span> <span class='ocrx_word' id='word_1_583' title='bbox 1112 3375 1158 3445; x_wconf 91' lang='lat' dir='ltr'>qui</span> <span class='ocrx_word' id='word_1_584' title='bbox 1180 3375 1299 3430; x_wconf 82' lang='lat' dir='ltr'>enimam</span> <span class='ocrx_word' id='word_1_585' title='bbox 1327 3375 1407 3430; x_wconf 86' lang='lat' dir='ltr'>simui</span> <span class='ocrx_word' id='word_1_586' title='bbox 1429 3376 1512 3431; x_wconf 87' lang='lat' dir='ltr'>babet</span> <span class='ocrx_word' id='word_1_587' title='bbox 1539 3387 1701 3448; x_wconf 84' lang='lat' dir='ltr'>etcorpus.</span> <span class='ocrx_word' id='word_1_588' title='bbox 1734 3377 1828 3432; x_wconf 87' lang='lat' dir='ltr'>ilicitur</span> 
     </span>
     <span class='ocr_line' id='line_1_82' title="bbox 1014 3466 1829 3541; baseline 0.004 -21"><span class='ocrx_word' id='word_1_589' title='bbox 1014 3474 1142 3536; x_wconf 85' lang='lat' dir='ltr'>peccator</span> <span class='ocrx_word' id='word_1_590' title='bbox 1155 3484 1204 3537; x_wconf 90' lang='lat' dir='ltr'>per</span> <span class='ocrx_word' id='word_1_591' title='bbox 1218 3466 1304 3524; x_wconf 86' lang='lat' dir='ltr'>solam</span> <span class='ocrx_word' id='word_1_592' title='bbox 1321 3467 1438 3522; x_wconf 85' lang='lat' dir='ltr'>unimam</span> <span class='ocrx_word' id='word_1_593' title='bbox 1455 3468 1502 3539; x_wconf 89' lang='lat' dir='ltr'>qui</span> <span class='ocrx_word' id='word_1_594' title='bbox 1523 3469 1606 3523; x_wconf 85' lang='lat' dir='ltr'>simul</span> <span class='ocrx_word' id='word_1_595' title='bbox 1623 3469 1714 3525; x_wconf 82' lang='lat' dir='ltr'>babel</span> <span class='ocrx_word' id='word_1_596' title='bbox 1734 3487 1829 3541; x_wconf 81' lang='lat' dir='ltr'>comus</span> 
     </span>
     <span class='ocr_line' id='line_1_83' title="bbox 1015 3555 1830 3629; baseline 0.001 -19"><span class='ocrx_word' id='word_1_597' title='bbox 1015 3562 1042 3610; x_wconf 90' lang='lat' dir='ltr'>ot</span> <span class='ocrx_word' id='word_1_598' title='bbox 1063 3555 1192 3610; x_wconf 86' lang='lat' dir='ltr'>animam.</span> <span class='ocrx_word' id='word_1_599' title='bbox 1218 3556 1257 3610; x_wconf 89' lang='lat' dir='ltr'>lid</span> <span class='ocrx_word' id='word_1_600' title='bbox 1276 3571 1379 3627; x_wconf 87' lang='lat' dir='ltr'>corpus</span> <span class='ocrx_word' id='word_1_601' title='bbox 1394 3562 1536 3628; x_wconf 80' lang='lat' dir='ltr'>pec-cutum</span> <span class='ocrx_word' id='word_1_602' title='bbox 1566 3572 1624 3612; x_wconf 90' lang='lat' dir='ltr'>nou</span> <span class='ocrx_word' id='word_1_603' title='bbox 1652 3560 1789 3629; x_wconf 87' lang='lat' dir='ltr'>pertinet,</span> <span class='ocrx_word' id='word_1_604' title='bbox 1807 3570 1830 3613; x_wconf 88' lang='lat' dir='ltr'>et</span> 
     </span>
     <span class='ocr_line' id='line_1_84' title="bbox 1016 3645 1831 3721; baseline 0.005 -25"><span class='ocrx_word' id='word_1_605' title='bbox 1016 3649 1107 3698; x_wconf 88' lang='lat' dir='ltr'>tamen</span> <span class='ocrx_word' id='word_1_606' title='bbox 1130 3652 1257 3715; x_wconf 86' lang='lat' dir='ltr'>peccator</span> <span class='ocrx_word' id='word_1_607' title='bbox 1279 3653 1320 3700; x_wconf 84' lang='lat' dir='ltr'>est</span> <span class='ocrx_word' id='word_1_608' title='bbox 1343 3645 1389 3716; x_wconf 79' lang='lat' dir='ltr'>qui</span> <span class='ocrx_word' id='word_1_609' title='bbox 1413 3661 1513 3716; x_wconf 88' lang='lat' dir='ltr'>corpus</span> <span class='ocrx_word' id='word_1_610' title='bbox 1543 3645 1641 3707; x_wconf 86' lang='lat' dir='ltr'>babet.</span> <span class='ocrx_word' id='word_1_611' title='bbox 1661 3663 1723 3702; x_wconf 91' lang='lat' dir='ltr'>non</span> <span class='ocrx_word' id='word_1_612' title='bbox 1755 3648 1831 3721; x_wconf 80' lang='lat' dir='ltr'>igitur</span> 
     </span>
     <span class='ocr_line' id='line_1_85' title="bbox 1016 3733 1830 3810; baseline 0.006 -24"><span class='ocrx_word' id='word_1_613' title='bbox 1016 3733 1107 3787; x_wconf 89' lang='lat' dir='ltr'>anima</span> <span class='ocrx_word' id='word_1_614' title='bbox 1126 3735 1183 3789; x_wconf 84' lang='lat' dir='ltr'>sola</span> <span class='ocrx_word' id='word_1_615' title='bbox 1199 3750 1328 3804; x_wconf 88' lang='lat' dir='ltr'>peccasse</span> <span class='ocrx_word' id='word_1_616' title='bbox 1355 3735 1455 3790; x_wconf 90' lang='lat' dir='ltr'>dieitur</span> <span class='ocrx_word' id='word_1_617' title='bbox 1476 3735 1502 3789; x_wconf 91' lang='lat' dir='ltr'>in</span> <span class='ocrx_word' id='word_1_618' title='bbox 1523 3735 1623 3801; x_wconf 82' lang='lat' dir='ltr'>ddum,</span> <span class='ocrx_word' id='word_1_619' title='bbox 1651 3737 1704 3791; x_wconf 86' lang='lat' dir='ltr'>sed</span> <span class='ocrx_word' id='word_1_620' title='bbox 1722 3744 1752 3791; x_wconf 90' lang='lat' dir='ltr'>et</span> <span class='ocrx_word' id='word_1_621' title='bbox 1778 3738 1830 3810; x_wconf 86' lang='lat' dir='ltr'>ipse</span> 
     </span>
     <span class='ocr_line' id='line_1_86' title="bbox 1017 3823 1830 3896; baseline 0.007 -23"><span class='ocrx_word' id='word_1_622' title='bbox 1017 3838 1064 3892; x_wconf 87' lang='lat' dir='ltr'>per</span> <span class='ocrx_word' id='word_1_623' title='bbox 1079 3824 1209 3890; x_wconf 85' lang='lat' dir='ltr'>animam,</span> <span class='ocrx_word' id='word_1_624' title='bbox 1225 3823 1331 3878; x_wconf 91' lang='lat' dir='ltr'>scilicet</span> <span class='ocrx_word' id='word_1_625' title='bbox 1346 3830 1420 3879; x_wconf 89' lang='lat' dir='ltr'>totus</span> <span class='ocrx_word' id='word_1_626' title='bbox 1439 3841 1472 3877; x_wconf 88' lang='lat' dir='ltr'>ex</span> <span class='ocrx_word' id='word_1_627' title='bbox 1492 3823 1621 3894; x_wconf 90' lang='lat' dir='ltr'>pluribus</span> <span class='ocrx_word' id='word_1_628' title='bbox 1637 3825 1774 3894; x_wconf 82' lang='lat' dir='ltr'>partibus</span> <span class='ocrx_word' id='word_1_629' title='bbox 1789 3841 1830 3896; x_wconf 89' lang='lat' dir='ltr'>per</span> 
     </span>
     <span class='ocr_line' id='line_1_87' title="bbox 1016 3917 1830 3991; baseline 0.006 -21"><span class='ocrx_word' id='word_1_630' title='bbox 1016 3933 1107 3970; x_wconf 90' lang='lat' dir='ltr'>unam.</span> <span class='ocrx_word' id='word_1_631' title='bbox 1125 3917 1230 3971; x_wconf 85' lang='lat' dir='ltr'>iticitur</span> <span class='ocrx_word' id='word_1_632' title='bbox 1248 3933 1314 3991; x_wconf 79' lang='lat' dir='ltr'>ergo</span> <span class='ocrx_word' id='word_1_633' title='bbox 1339 3923 1366 3972; x_wconf 91' lang='lat' dir='ltr'>et</span> <span class='ocrx_word' id='word_1_634' title='bbox 1387 3918 1470 3972; x_wconf 80' lang='lat' dir='ltr'>idam</span> <span class='ocrx_word' id='word_1_635' title='bbox 1487 3933 1631 3987; x_wconf 86' lang='lat' dir='ltr'>peccasse,</span> <span class='ocrx_word' id='word_1_636' title='bbox 1647 3918 1719 3990; x_wconf 88' lang='lat' dir='ltr'>quia</span> <span class='ocrx_word' id='word_1_637' title='bbox 1740 3936 1830 3991; x_wconf 82' lang='lat' dir='ltr'>pecea-</span> 
     </span>
     <span class='ocr_line' id='line_1_88' title="bbox 1015 4005 1830 4077; baseline 0.007 -20"><span class='ocrx_word' id='word_1_638' title='bbox 1015 4005 1052 4058; x_wconf 89' lang='lat' dir='ltr'>rit</span> <span class='ocrx_word' id='word_1_639' title='bbox 1076 4005 1176 4066; x_wconf 81' lang='lat' dir='ltr'>anima.</span> <span class='ocrx_word' id='word_1_640' title='bbox 1191 4022 1271 4077; x_wconf 85' lang='lat' dir='ltr'>quam</span> <span class='ocrx_word' id='word_1_641' title='bbox 1294 4006 1392 4061; x_wconf 89' lang='lat' dir='ltr'>babuit</span> <span class='ocrx_word' id='word_1_642' title='bbox 1412 4006 1480 4077; x_wconf 88' lang='lat' dir='ltr'>ipse.</span> <span class='ocrx_word' id='word_1_643' title='bbox 1500 4006 1530 4060; x_wconf 87' lang='lat' dir='ltr'>Et</span> <span class='ocrx_word' id='word_1_644' title='bbox 1551 4007 1574 4060; x_wconf 88' lang='lat' dir='ltr'>si</span> <span class='ocrx_word' id='word_1_645' title='bbox 1589 4008 1726 4076; x_wconf 82' lang='lat' dir='ltr'>peccavit</span> <span class='ocrx_word' id='word_1_646' title='bbox 1741 4009 1830 4074; x_wconf 81' lang='lat' dir='ltr'>briam,</span> 
     </span>
     <span class='ocr_line' id='line_1_89' title="bbox 1016 4094 1828 4169; baseline 0.005 -22"><span class='ocrx_word' id='word_1_647' title='bbox 1016 4094 1140 4163; x_wconf 85' lang='lat' dir='ltr'>peccarit</span> <span class='ocrx_word' id='word_1_648' title='bbox 1164 4096 1261 4160; x_wconf 91' lang='lat' dir='ltr'>bomo;</span> <span class='ocrx_word' id='word_1_649' title='bbox 1278 4094 1342 4166; x_wconf 86' lang='lat' dir='ltr'>quia</span> <span class='ocrx_word' id='word_1_650' title='bbox 1357 4095 1379 4149; x_wconf 88' lang='lat' dir='ltr'>si</span> <span class='ocrx_word' id='word_1_651' title='bbox 1408 4094 1532 4165; x_wconf 88' lang='lat' dir='ltr'>peccavit</span> <span class='ocrx_word' id='word_1_652' title='bbox 1558 4095 1621 4164; x_wconf 88' lang='lat' dir='ltr'>ipse</span> <span class='ocrx_word' id='word_1_653' title='bbox 1648 4097 1751 4164; x_wconf 90' lang='lat' dir='ltr'>bomo,</span> <span class='ocrx_word' id='word_1_654' title='bbox 1769 4114 1828 4169; x_wconf 83' lang='lat' dir='ltr'>pee-</span> 
     </span>
     <span class='ocr_line' id='line_1_90' title="bbox 1015 4185 1828 4258; baseline 0.004 -20"><span class='ocrx_word' id='word_1_655' title='bbox 1015 4185 1086 4239; x_wconf 87' lang='lat' dir='ltr'>carit</span> <span class='ocrx_word' id='word_1_656' title='bbox 1101 4187 1219 4241; x_wconf 85' lang='lat' dir='ltr'>bumana</span> <span class='ocrx_word' id='word_1_657' title='bbox 1244 4195 1351 4253; x_wconf 86' lang='lat' dir='ltr'>natura,</span> <span class='ocrx_word' id='word_1_658' title='bbox 1372 4193 1489 4258; x_wconf 81' lang='lat' dir='ltr'>quaeest</span> <span class='ocrx_word' id='word_1_659' title='bbox 1512 4186 1607 4242; x_wconf 93' lang='lat' dir='ltr'>bomo.</span> <span class='ocrx_word' id='word_1_660' title='bbox 1631 4188 1689 4241; x_wconf 87' lang='lat' dir='ltr'>Sed</span> <span class='ocrx_word' id='word_1_661' title='bbox 1713 4189 1828 4243; x_wconf 78' lang='lat' dir='ltr'>bumana</span> 
     </span>
     <span class='ocr_line' id='line_1_91' title="bbox 1014 4277 1824 4348; baseline 0.004 -21"><span class='ocrx_word' id='word_1_662' title='bbox 1014 4283 1110 4329; x_wconf 85' lang='lat' dir='ltr'>nutura</span> <span class='ocrx_word' id='word_1_663' title='bbox 1122 4283 1177 4330; x_wconf 84' lang='lat' dir='ltr'>tota</span> <span class='ocrx_word' id='word_1_664' title='bbox 1194 4283 1258 4331; x_wconf 90' lang='lat' dir='ltr'>tuuc</span> <span class='ocrx_word' id='word_1_665' title='bbox 1273 4285 1331 4331; x_wconf 89' lang='lat' dir='ltr'>erat</span> <span class='ocrx_word' id='word_1_666' title='bbox 1346 4277 1456 4348; x_wconf 90' lang='lat' dir='ltr'>inipso,</span> <span class='ocrx_word' id='word_1_667' title='bbox 1477 4291 1528 4331; x_wconf 87' lang='lat' dir='ltr'>noc</span> <span class='ocrx_word' id='word_1_668' title='bbox 1547 4292 1670 4348; x_wconf 90' lang='lat' dir='ltr'>usquam</span> <span class='ocrx_word' id='word_1_669' title='bbox 1686 4286 1752 4334; x_wconf 87' lang='lat' dir='ltr'>erat</span> <span class='ocrx_word' id='word_1_670' title='bbox 1766 4278 1824 4334; x_wconf 85' lang='lat' dir='ltr'>aiibi</span> 
     </span>
     <span class='ocr_line' id='line_1_92' title="bbox 1013 4363 1828 4438; baseline 0.007 -22"><span class='ocrx_word' id='word_1_671' title='bbox 1013 4363 1142 4434; x_wconf 87' lang='lat' dir='ltr'>specialis</span> <span class='ocrx_word' id='word_1_672' title='bbox 1157 4365 1249 4420; x_wconf 89' lang='lat' dir='ltr'>bomo.</span> <span class='ocrx_word' id='word_1_673' title='bbox 1267 4364 1331 4420; x_wconf 84' lang='lat' dir='ltr'>Cum</span> <span class='ocrx_word' id='word_1_674' title='bbox 1346 4381 1412 4438; x_wconf 75' lang='lat' dir='ltr'>ergo</span> <span class='ocrx_word' id='word_1_675' title='bbox 1431 4364 1556 4434; x_wconf 86' lang='lat' dir='ltr'>peccavit</span> <span class='ocrx_word' id='word_1_676' title='bbox 1572 4382 1713 4436; x_wconf 85' lang='lat' dir='ltr'>persona,</span> <span class='ocrx_word' id='word_1_677' title='bbox 1730 4369 1828 4424; x_wconf 85' lang='lat' dir='ltr'>scilieet</span> 
     </span>
     <span class='ocr_line' id='line_1_93' title="bbox 1015 4453 1828 4524; baseline 0.005 -18"><span class='ocrx_word' id='word_1_678' title='bbox 1015 4453 1074 4520; x_wconf 88' lang='lat' dir='ltr'>ipse</span> <span class='ocrx_word' id='word_1_679' title='bbox 1095 4453 1188 4520; x_wconf 92' lang='lat' dir='ltr'>bomo,</span> <span class='ocrx_word' id='word_1_680' title='bbox 1214 4456 1338 4524; x_wconf 85' lang='lat' dir='ltr'>peccarit</span> <span class='ocrx_word' id='word_1_681' title='bbox 1353 4460 1408 4510; x_wconf 88' lang='lat' dir='ltr'>tota</span> <span class='ocrx_word' id='word_1_682' title='bbox 1425 4462 1535 4518; x_wconf 85' lang='lat' dir='ltr'>natura,</span> <span class='ocrx_word' id='word_1_683' title='bbox 1549 4454 1662 4511; x_wconf 89' lang='lat' dir='ltr'>seilicet</span> <span class='ocrx_word' id='word_1_684' title='bbox 1675 4459 1828 4514; x_wconf 69' lang='lat' dir='ltr'>eommunis¹</span> 
     </span>
     <span class='ocr_line' id='line_1_94' title="bbox 1017 4544 1830 4618; baseline 0.004 -20"><span class='ocrx_word' id='word_1_685' title='bbox 1017 4544 1108 4600; x_wconf 92' lang='lat' dir='ltr'>bomo.</span> <span class='ocrx_word' id='word_1_686' title='bbox 1126 4545 1158 4599; x_wconf 77' lang='lat' dir='ltr'>dt</span> <span class='ocrx_word' id='word_1_687' title='bbox 1172 4547 1200 4600; x_wconf 93' lang='lat' dir='ltr'>in</span> <span class='ocrx_word' id='word_1_688' title='bbox 1226 4553 1339 4617; x_wconf 87' lang='lat' dir='ltr'>peccato</span> <span class='ocrx_word' id='word_1_689' title='bbox 1355 4562 1492 4617; x_wconf 78' lang='lat' dir='ltr'>personae,</span> <span class='ocrx_word' id='word_1_690' title='bbox 1507 4545 1662 4618; x_wconf 88' lang='lat' dir='ltr'>culpabilis</span> <span class='ocrx_word' id='word_1_691' title='bbox 1685 4547 1779 4605; x_wconf 86' lang='lat' dir='ltr'>iactus</span> <span class='ocrx_word' id='word_1_692' title='bbox 1796 4559 1830 4603; x_wconf 70' lang='lat' dir='ltr'>est</span> 
     </span>
     <span class='ocr_line' id='line_1_95' title="bbox 1016 4638 1828 4710; baseline 0.007 -17"><span class='ocrx_word' id='word_1_693' title='bbox 1016 4640 1098 4696; x_wconf 92' lang='lat' dir='ltr'>bomo</span> <span class='ocrx_word' id='word_1_694' title='bbox 1113 4641 1268 4697; x_wconf 85' lang='lat' dir='ltr'>communis</span> <span class='ocrx_word' id='word_1_695' title='bbox 1284 4648 1397 4694; x_wconf 78' lang='lat' dir='ltr'>naturae.</span> <span class='ocrx_word' id='word_1_696' title='bbox 1414 4639 1445 4694; x_wconf 85' lang='lat' dir='ltr'>Et</span> <span class='ocrx_word' id='word_1_697' title='bbox 1465 4638 1574 4710; x_wconf 86' lang='lat' dir='ltr'>qualem</span> <span class='ocrx_word' id='word_1_698' title='bbox 1591 4640 1684 4696; x_wconf 76' lang='lat' dir='ltr'>luam</span> <span class='ocrx_word' id='word_1_699' title='bbox 1701 4643 1771 4698; x_wconf 86' lang='lat' dir='ltr'>iecit</span> <span class='ocrx_word' id='word_1_700' title='bbox 1785 4646 1828 4699; x_wconf 90' lang='lat' dir='ltr'>bu·</span> 
     </span>
    </p>
   </div>
   <div class='ocr_carea' id='block_1_19' title="bbox 1011 4730 1830 5241">
    <p class='ocr_par' dir='ltr' id='par_1_20' title="bbox 1011 4730 1830 5241">
     <span class='ocr_line' id='line_1_96' title="bbox 1016 4730 1829 4801; baseline 0.001 -14"><span class='ocrx_word' id='word_1_701' title='bbox 1016 4749 1123 4787; x_wconf 82' lang='lat' dir='ltr'>manum</span> <span class='ocrx_word' id='word_1_702' title='bbox 1140 4739 1264 4787; x_wconf 87' lang='lat' dir='ltr'>naturam</span> <span class='ocrx_word' id='word_1_703' title='bbox 1286 4732 1312 4786; x_wconf 93' lang='lat' dir='ltr'>in</span> <span class='ocrx_word' id='word_1_704' title='bbox 1333 4749 1373 4798; x_wconf 88' lang='lat' dir='ltr'>se,</span> <span class='ocrx_word' id='word_1_705' title='bbox 1390 4731 1470 4786; x_wconf 89' lang='lat' dir='ltr'>talem</span> <span class='ocrx_word' id='word_1_706' title='bbox 1489 4730 1609 4801; x_wconf 85' lang='lat' dir='ltr'>posteris</span> <span class='ocrx_word' id='word_1_707' title='bbox 1638 4749 1706 4788; x_wconf 88' lang='lat' dir='ltr'>eam</span> <span class='ocrx_word' id='word_1_708' title='bbox 1725 4736 1829 4790; x_wconf 89' lang='lat' dir='ltr'>tradidit</span> 
     </span>
     <span class='ocr_line' id='line_1_97' title="bbox 1013 4819 1828 4894; baseline 0.002 -18"><span class='ocrx_word' id='word_1_709' title='bbox 1013 4829 1076 4893; x_wconf 91' lang='lat' dir='ltr'>post</span> <span class='ocrx_word' id='word_1_710' title='bbox 1091 4837 1130 4875; x_wconf 89' lang='lat' dir='ltr'>se.</span> <span class='ocrx_word' id='word_1_711' title='bbox 1150 4821 1178 4875; x_wconf 84' lang='lat' dir='ltr'>Et</span> <span class='ocrx_word' id='word_1_712' title='bbox 1193 4820 1283 4892; x_wconf 85' lang='lat' dir='ltr'>qualis</span> <span class='ocrx_word' id='word_1_713' title='bbox 1310 4820 1380 4875; x_wconf 87' lang='lat' dir='ltr'>iacta</span> <span class='ocrx_word' id='word_1_714' title='bbox 1401 4827 1442 4872; x_wconf 86' lang='lat' dir='ltr'>est</span> <span class='ocrx_word' id='word_1_715' title='bbox 1459 4819 1579 4873; x_wconf 88' lang='lat' dir='ltr'>bumana</span> <span class='ocrx_word' id='word_1_716' title='bbox 1600 4831 1708 4876; x_wconf 72' lang='lat' dir='ltr'>narturu</span> <span class='ocrx_word' id='word_1_717' title='bbox 1726 4841 1776 4894; x_wconf 87' lang='lat' dir='ltr'>per</span> <span class='ocrx_word' id='word_1_718' title='bbox 1793 4825 1828 4878; x_wconf 92' lang='lat' dir='ltr'>in·</span> 
     </span>
     <span class='ocr_line' id='line_1_98' title="bbox 1012 4912 1829 4984; baseline 0.002 -17"><span class='ocrx_word' id='word_1_719' title='bbox 1012 4913 1170 4984; x_wconf 89' lang='lat' dir='ltr'>sipienlinm</span> <span class='ocrx_word' id='word_1_720' title='bbox 1191 4913 1351 4984; x_wconf 80' lang='lat' dir='ltr'>peccatoris,</span> <span class='ocrx_word' id='word_1_721' title='bbox 1373 4912 1433 4966; x_wconf 84' lang='lat' dir='ltr'>talis</span> <span class='ocrx_word' id='word_1_722' title='bbox 1458 4927 1570 4966; x_wconf 89' lang='lat' dir='ltr'>necesse</span> <span class='ocrx_word' id='word_1_723' title='bbox 1588 4922 1634 4968; x_wconf 87' lang='lat' dir='ltr'>est</span> <span class='ocrx_word' id='word_1_724' title='bbox 1655 4918 1829 4971; x_wconf 83' lang='lat' dir='ltr'>transiunda-</span> 
     </span>
     <span class='ocr_line' id='line_1_99' title="bbox 1013 4999 1829 5073; baseline 0.001 -16"><span class='ocrx_word' id='word_1_725' title='bbox 1013 5012 1056 5057; x_wconf 89' lang='lat' dir='ltr'>tur</span> <span class='ocrx_word' id='word_1_726' title='bbox 1080 5003 1107 5057; x_wconf 92' lang='lat' dir='ltr'>in</span> <span class='ocrx_word' id='word_1_727' title='bbox 1129 5012 1255 5073; x_wconf 86' lang='lat' dir='ltr'>posteros</span> <span class='ocrx_word' id='word_1_728' title='bbox 1281 5018 1330 5072; x_wconf 91' lang='lat' dir='ltr'>per</span> <span class='ocrx_word' id='word_1_729' title='bbox 1354 5001 1487 5070; x_wconf 86' lang='lat' dir='ltr'>justiliam</span> <span class='ocrx_word' id='word_1_730' title='bbox 1513 4999 1669 5070; x_wconf 84' lang='lat' dir='ltr'>Creatoris,</span> <span class='ocrx_word' id='word_1_731' title='bbox 1700 5015 1733 5061; x_wconf 88' lang='lat' dir='ltr'>ut</span> <span class='ocrx_word' id='word_1_732' title='bbox 1757 5007 1779 5062; x_wconf 89' lang='lat' dir='ltr'>si</span> <span class='ocrx_word' id='word_1_733' title='bbox 1807 5010 1829 5059; x_wconf 91' lang='lat' dir='ltr'>iu</span> 
     </span>
     <span class='ocr_line' id='line_1_100' title="bbox 1011 5089 1830 5167; baseline 0.002 -21"><span class='ocrx_word' id='word_1_734' title='bbox 1011 5097 1067 5146; x_wconf 88' lang='lat' dir='ltr'>toto</span> <span class='ocrx_word' id='word_1_735' title='bbox 1081 5091 1154 5162; x_wconf 89' lang='lat' dir='ltr'>quod</span> <span class='ocrx_word' id='word_1_736' title='bbox 1175 5090 1302 5161; x_wconf 89' lang='lat' dir='ltr'>superius</span> <span class='ocrx_word' id='word_1_737' title='bbox 1316 5091 1417 5145; x_wconf 90' lang='lat' dir='ltr'>dietum</span> <span class='ocrx_word' id='word_1_738' title='bbox 1433 5096 1474 5145; x_wconf 90' lang='lat' dir='ltr'>cst</span> <span class='ocrx_word' id='word_1_739' title='bbox 1492 5089 1527 5144; x_wconf 94' lang='lat' dir='ltr'>de</span> <span class='ocrx_word' id='word_1_740' title='bbox 1542 5099 1633 5160; x_wconf 88' lang='lat' dir='ltr'>parte,</span> <span class='ocrx_word' id='word_1_741' title='bbox 1653 5101 1685 5149; x_wconf 86' lang='lat' dir='ltr'>et</span> <span class='ocrx_word' id='word_1_742' title='bbox 1701 5099 1779 5167; x_wconf 82' lang='lat' dir='ltr'>quod</span> <span class='ocrx_word' id='word_1_743' title='bbox 1794 5096 1830 5149; x_wconf 88' lang='lat' dir='ltr'>di·</span> 
     </span>
     <span class='ocr_line' id='line_1_101' title="bbox 1011 5182 1711 5241; baseline 0.004 -3"><span class='ocrx_word' id='word_1_744' title='bbox 1011 5183 1125 5238; x_wconf 90' lang='lat' dir='ltr'>cebatur</span> <span class='ocrx_word' id='word_1_745' title='bbox 1138 5184 1171 5238; x_wconf 91' lang='lat' dir='ltr'>de</span> <span class='ocrx_word' id='word_1_746' title='bbox 1187 5184 1279 5237; x_wconf 75' lang='lat' dir='ltr'>aniana</span> <span class='ocrx_word' id='word_1_747' title='bbox 1299 5182 1489 5238; x_wconf 86' lang='lat' dir='ltr'>inveniaturin</span> <span class='ocrx_word' id='word_1_748' title='bbox 1501 5189 1558 5237; x_wconf 91' lang='lat' dir='ltr'>tolo</span> <span class='ocrx_word' id='word_1_749' title='bbox 1572 5183 1711 5241; x_wconf 91' lang='lat' dir='ltr'>bomine.</span> 
     </span>
    </p>
   </div>
   <div class='ocr_carea' id='block_1_20' title="bbox 1134 5332 1708 5402">
    <p class='ocr_par' dir='ltr' id='par_1_21' title="bbox 1134 5332 1708 5402">
     <span class='ocr_line' id='line_1_102' title="bbox 1134 5332 1708 5402; baseline 0.003 -15"><span class='ocrx_word' id='word_1_750' title='bbox 1134 5334 1208 5400; x_wconf 82' lang='lat' dir='ltr'>Qrtod</span> <span class='ocrx_word' id='word_1_751' title='bbox 1234 5348 1312 5388; x_wconf 77' lang='lat' dir='ltr'>neruo</span> <span class='ocrx_word' id='word_1_752' title='bbox 1325 5336 1406 5402; x_wconf 77' lang='lat' dir='ltr'>possit</span> <span class='ocrx_word' id='word_1_753' title='bbox 1423 5332 1532 5387; x_wconf 72' lang='lat' dir='ltr'>candoe</span> <span class='ocrx_word' id='word_1_754' title='bbox 1542 5334 1708 5400; x_wconf 77' lang='lat' dir='ltr'>justitiam.</span> 
     </span>
    </p>
   </div>
   <div class='ocr_carea' id='block_1_21' title="bbox 1011 5445 1827 5613">
    <p class='ocr_par' dir='ltr' id='par_1_22' title="bbox 1011 5445 1827 5613">
     <span class='ocr_line' id='line_1_103' title="bbox 1046 5445 1827 5520; baseline -0.008 -17"><span class='ocrx_word' id='word_1_755' title='bbox 1046 5449 1123 5513; x_wconf 81' lang='lat' dir='ltr'>iiuod</span> <span class='ocrx_word' id='word_1_756' title='bbox 1145 5463 1200 5501; x_wconf 89' lang='lat' dir='ltr'>non</span> <span class='ocrx_word' id='word_1_757' title='bbox 1216 5446 1303 5501; x_wconf 91' lang='lat' dir='ltr'>solum</span> <span class='ocrx_word' id='word_1_758' title='bbox 1326 5445 1537 5516; x_wconf 78' lang='lat' dir='ltr'>intelligendum</span> <span class='ocrx_word' id='word_1_759' title='bbox 1552 5455 1598 5498; x_wconf 89' lang='lat' dir='ltr'>est</span> <span class='ocrx_word' id='word_1_760' title='bbox 1614 5448 1650 5499; x_wconf 90' lang='lat' dir='ltr'>de</span> <span class='ocrx_word' id='word_1_761' title='bbox 1675 5450 1773 5520; x_wconf 74' lang='lat' dir='ltr'>eulpa,</span> <span class='ocrx_word' id='word_1_762' title='bbox 1784 5449 1827 5503; x_wconf 77' lang='lat' dir='ltr'>sed</span> 
     </span>
     <span class='ocr_line' id='line_1_104' title="bbox 1011 5537 1824 5613; baseline -0.002 -18"><span class='ocrx_word' id='word_1_763' title='bbox 1011 5541 1087 5595; x_wconf 89' lang='lat' dir='ltr'>etde</span> <span class='ocrx_word' id='word_1_764' title='bbox 1104 5556 1195 5611; x_wconf 77' lang='lat' dir='ltr'>prena,</span> <span class='ocrx_word' id='word_1_765' title='bbox 1217 5547 1255 5605; x_wconf 92' lang='lat' dir='ltr'>ut,</span> <span class='ocrx_word' id='word_1_766' title='bbox 1280 5539 1342 5610; x_wconf 86' lang='lat' dir='ltr'>quin</span> <span class='ocrx_word' id='word_1_767' title='bbox 1367 5538 1437 5591; x_wconf 89' lang='lat' dir='ltr'>lleus</span> <span class='ocrx_word' id='word_1_768' title='bbox 1462 5537 1570 5591; x_wconf 89' lang='lat' dir='ltr'>bomini</span> <span class='ocrx_word' id='word_1_769' title='bbox 1599 5540 1699 5609; x_wconf 88' lang='lat' dir='ltr'>primo</span> <span class='ocrx_word' id='word_1_770' title='bbox 1720 5558 1824 5613; x_wconf 74' lang='lat' dir='ltr'>pronam</span> 
     </span>
    </p>
   </div>
   <div class='ocr_carea' id='block_1_22' title="bbox 0 0 1869 6014">
    <p class='ocr_par' dir='ltr' id='par_1_23' title="bbox 0 0 1869 6014">
     <span class='ocr_line' id='line_1_105' title="bbox 0 0 1869 6014; baseline 0 0"><span class='ocrx_word' id='word_1_771' title='bbox 0 0 1869 6014; x_wconf 95' lang='lat' dir='ltr'> </span> 
     </span>
    </p>
   </div>
  </div>
 </body>
</html>
