3720 6014
132 224 186 283 aas
228 204 231 209 ’
738 213 909 270 sreauuan
934 213 1189 268 cannuacnasrs.
1646 230 1653 239 -
1750 186 1817 255 cat'

135 355 249 419 Vadam,
262 349 353 423 inquit
366 347 460 404 senior
473 345 528 410 ille,
540 349 565 401 ct
577 346 625 401 hoc
638 347 725 415 ipsum
739 347 826 413 fratri
838 325 882 400 titt
892 360 940 399 cu·
951 349 977 416 Α
991 342 1172 399 diffidentiam
1190 357 1238 412 per
1257 338 1339 394 talem
1352 352 1444 392 rerum
1472 340 1499 390 et
1519 327 1719 388 miraculorum
1735 344 1806 386 con·

131 446 196 502 rabo
210 446 348 508 iutimare,
364 443 415 512 qui
426 440 508 509 hujus
527 441 567 492 rei
576 441 669 506 aratia
684 453 732 493 nos
746 440 883 508 inquietat
896 437 940 492 die
990 435 1174 507 sequentiam.

131 537 261 590 annecte.
278 527 677 601 litaccedensadSigebertum
693 559 722 566 —
735 526 939 598 stabatquippe
1026 526 1051 582 3,
1073 526 1108 559 ⁸⁹⁶
1129 525 1168 579 ald
1191 525 1323 595 oppidum
1348 523 1520 576 Deouantum
1546 517 1618 589 (905)
1643 515 1807 573 conllucbat

132 624 242 681 eminus
254 631 417 694 exspectaus
426 620 466 675 rei
476 619 577 674 exitum
593 637 635 673 -:
654 618 814 688 Comprime,
826 617 873 683 ait,
889 632 939 672 su·
991 620 1114 690 undique
1131 633 1229 691 magna
1252 616 1416 688 populorum
1442 610 1595 683 frequentia
1613 607 1742 680 eoquod
1769 605 1806 662 ibi

132 715 255 784 mitium,
272 709 552 767 exhilaroeultumet
576 708 711 762 animum:
727 705 941 776 complacitura
992 727 1041 782 per
1065 709 1225 764 memoriam
1245 706 1386 783 genitricis
1415 702 1463 759 hei
1491 701 1579 756 llariae
1609 698 1808 755 declarabatur

134 803 209 859 bonis
236 800 400 856 desiderium
427 804 514 854 tuum.
540 800 698 867 Mirificdvt'l
728 800 795 852 Deus
818 799 942 852 santium
992 803 1076 857 multa
1101 802 1296 856 miraculorum
1322 797 1420 872 gratia.
1451 796 1480 849 lit
1507 793 1573 866 quia
1597 792 1633 846 ibi
1663 789 1809 863 aliquibus

133 910 220 960 saum,
237 898 262 949 ei
281 896 380 948 ilerum
395 892 552 962 mirificabii
577 906 646 945 eum.
668 889 771 955 Quibus
791 889 881 953 ditiis,
897 902 943 943 ⁸0·
993 893 1162 949 reddebatur
1181 898 1275 963 optuta
1296 891 1410 954 sanitas,
1434 887 1535 942 multos
1551 885 1588 939 ibi
1606 884 1699 953 jacere
1721 881 1808 938 sacie-

134 987 221 1042 turum
242 995 283 1041 est
297 991 423 1040 sanctam
443 983 510 1038 illud
525 982 685 1038 concilium·
701 981 754 1036 seu
771 981 835 1052 quta
850 980 942 1035 animo
993 990 1040 1045 bat
1063 1005 1128 1060 spes
1151 985 1347 1058 recuperandae
1363 981 1497 1038 sanitatis.
1514 981 1633 1034 venerat
1652 977 1721 1031 ittae
1735 976 1809 1030 inter

135 1081 258 1154 cupienti
279 1081 366 1136 nichil
378 1080 444 1135 satis
465 1079 621 1145 festinatur,
642 1078 761 1133 domnus
783 1075 944 1150 Sigebcrtus
994 1083 1063 1138 alios
1086 1079 1210 1151 quaedam
1240 1077 1333 1149 puella
1351 1075 1464 1131 nomine
1488 1071 1648 1138 llcrscndis,
1673 1084 1737 1141 quae
1756 1081 1808 1138 per

105 1176 111 1183 ’
138 1171 203 1227 huic
224 1170 324 1228 Vl⁸i⁰1¹i
340 1170 432 1225 ¹¹¹5ssssss
446 1175 550 1244 Stilus,
566 1168 714 1239 minusque
727 1167 865 1232 credulus,
891 1166 943 1220 ile·
996 1171 1182 1229 infirmitatem
1208 1169 1267 1224 visu
1296 1167 1437 1223 oculorum
1465 1163 1581 1235 privata,
1614 1160 1758 1232 poscebat,
1780 1166 1808 1212 et

137 1282 197 1321 runt
218 1274 375 1337 soporatur,
391 1271 419 1321 et
434 1265 532 1319 iterata
546 1263 654 1318 visione
677 1278 732 1317 non
745 1262 801 1330 jam
822 1261 944 1316 delecta·
996 1266 1056 1336 ipsa
1082 1262 1227 1318 sanitatem
1255 1259 1308 1314 sibi
1333 1256 1452 1313 conlerri
1475 1272 1491 1310 a
1510 1252 1644 1328 genitrice
1669 1251 1730 1306 liei.
1752 1249 1807 1304 Sed

137 1363 193 1424 tur,
216 1355 265 1411 sed
284 1354 442 1425 corripitur.
471 1353 549 1407 Videt
581 1360 692 1407 sanctos
722 1366 850 1423 proceres
877 1350 947 1405 sicut
997 1352 1122 1425 quamvis
1138 1349 1270 1405 meruerit
1283 1346 1447 1411 remedium,
1468 1343 1569 1398 meruit
1583 1351 1676 1397 tamen
1693 1355 1809 1410 recupe-

139 1451 217 1523 prius
237 1450 424 1507 consedentes
444 1455 471 1503 et
493 1449 694 1519 colloquentes,
711 1447 841 1504 severiori
861 1454 948 1502 etve-
999 1445 1075 1501 randi
1105 1442 1220 1499 remedii
1246 1439 1403 1497 consilium.
1432 1435 1590 1492 Ammonita
1618 1442 1661 1490 est
1685 1432 1808 1488 enimin

138 1542 187 1597 lud
203 1541 411 1616 indignabundo
426 1539 502 1595 vultu
520 1539 546 1593 in
560 1555 590 1593 sc
606 1539 798 1609 respicientes,
814 1537 947 1609 illumque
998 1537 1103 1593 somnis
1116 1536 1210 1591 venire
1221 1534 1255 1588 ed
1276 1531 1501 1588 Gemmelacenso
1514 1527 1729 1591 monasterium,
1745 1525 1810 1597 quia

140 1648 220 1688 suum
231 1633 368 1688 seniorem
381 1649 437 1688 non
445 1633 502 1701 iarn
513 1631 564 1685 sihi
579 1631 781 1698 blandientem,
791 1631 839 1685 sed
853 1630 949 1685 durius
999 1628 1039 1682 ibi
1053 1644 1107 1683 non
1123 1627 1233 1682 deesset
1247 1623 1300 1679 sibi
1315 1623 1440 1678 sanitatis
1455 1620 1619 1676 remedium.
1637 1615 1718 1672 Venit
1743 1631 1810 1690 ergo

139 1724 340 1796 increpantem.
360 1727 425 1793 Gar,
442 1726 541 1797 iuquit,
564 1725 637 1794 quod
656 1725 762 1780 tamdiu
787 1724 950 1778 desiderasti
1005 1718 1049 1772 die
1065 1715 1204 1772 (lominica
1220 1721 1283 1769 ante
1298 1711 1460 1784 martyrium
1483 1709 1681 1781 apostolorum,
1701 1715 1809 1762 etcum

140 1821 197 1873 tom
211 1817 361 1887 dispertitor
375 1819 472 1882 credis,
498 1822 524 1872 ei
538 1816 610 1887 qaod
627 1816 667 1870 ibi
690 1818 746 1885 ipsi
763 1831 818 1870 aon
832 1813 952 1885 expedit,
1004 1807 1098 1864 multis
1118 1807 1240 1863 lacrimis
1261 1822 1354 1874 orans,
1386 1803 1550 1860 ostendebat
1563 1801 1656 1857 cordis
1683 1800 1728 1855 sui
1745 1797 1812 1854 affc-

140 1908 266 1975 inpretas
279 1922 305 1962 es
321 1907 390 1962 dono
412 1910 495 1962 touta
507 1908 642 1961 visionis?
669 1904 746 1971 Quod
763 1905 826 1959 dici
840 1904 910 1971 dico,
929 1909 954 1959 et
1004 1908 1087 1955 ctum.
1112 1899 1166 1954 Sed
1188 1897 1253 1970 quia
1267 1895 1411 1952 nesciebat
1432 1909 1488 1967 qno
1508 1909 1538 1948 se
1561 1896 1691 1958 verteret,
1712 1890 1755 1944 vel
1769 1889 1813 1944 cui

142 1995 299 2067 quoddico,
319 1999 400 2051 alteo
419 1997 497 2050 dico:
529 2019 542 2042 «
571 1996 727 2064 mirificabit
748 1999 953 2050 lieusscntctum
1004 2009 1204 2054 eausamsuam
1224 1991 1353 2061 aperiret,
1368 2005 1417 2060 pro
1437 2001 1544 2042 merore
1560 1984 1654 2041 cordis
1677 1981 1814 2038 ctdolore

142 2092 269 2154 tuamet
289 2089 387 2141 iterum
406 2089 646 2156 anirificueiteum.
672 2104 685 2141 a
712 2087 743 2144 Si
763 2087 849 2142 credis
865 2087 953 2152 crede,
1006 2088 1129 2160 corporis
1165 2095 1221 2143 tota
1247 2085 1401 2142 ebdomada
1425 2084 1497 2140 lecto
1525 2081 1669 2138 decubuit.
1694 2082 1816 2152 Vespere

142 2176 246 2231 videbis
272 2179 300 2230 iu
324 2179 452 2245 praetem
476 2182 500 2230 te
518 2192 570 2231 noa
593 2179 700 2244 frastra
727 2176 880 2232 credidisse.
908 2177 953 2232 llis
1003 2180 1111 2238 saliban
1127 2181 1161 2235 au
1177 2180 1329 2235 aecclesiam
1353 2178 1583 2242 reddittcausam
1600 2192 1678 2231 suam
1695 2174 1815 2246 aperuit,

143 2267 235 2324 Verbis
251 2267 361 2323 lesistis
376 2267 494 2323 domnus
520 2268 692 2341 Slssssbeilusx
721 2270 791 2324 1θῦῑο
819 2269 906 2335 exilii,
927 2275 955 2324 el
1005 2282 1032 2330 et
1043 2281 1072 2329 ut
1087 2274 1184 2328 liceret
1198 2272 1253 2327 sibi
1265 2280 1430 2343 pernoctare
1446 2271 1474 2325 iu
1493 2270 1620 2326 aecclesia
1632 2269 1679 2326 vix
1696 2269 1817 2326 obtinuit

144 2358 179 2416 ad
206 2359 341 2415 tumulum
367 2361 454 2416 sancii
481 2361 568 2432 pallis
597 2361 725 2417 secuml·
756 2361 796 2416 lbi
820 2370 954 2434 qualium
1005 2371 1296 2432 Adtumrrlumsancti
1313 2368 1435 2425 Guibcrti
1464 2367 1592 2429 deducta,
1613 2367 1653 2421 ibi
1672 2372 1819 2438 pernocta-

145 2450 293 2523 gratiarum
320 2449 375 2506 lieo
390 2451 519 2517 reddidit,
536 2452 613 2507 solus
633 2452 692 2524 ipse
705 2453 778 2507 Dens
798 2452 877 2508 testis
893 2450 954 2508 luit.
1005 2467 1055 2532 via,
1081 2471 1203 2535 ecquam
1230 2459 1355 2516 devotius
1379 2458 1468 2529 potnit
1490 2464 1613 2513 sanctum
1633 2457 1682 2512 liei
1716 2471 1767 2528 pro
1790 2471 1819 2509 sc

147 2539 179 2595 llt
192 2557 226 2595 ex
240 2540 288 2595 iila
303 2541 371 2596 hora
385 2549 476 2596 certus
499 2541 534 2596 de
552 2543 598 2597 liei
615 2542 807 2598 misericordia
824 2549 852 2598 et
867 2541 955 2596 sancti
1007 2559 1066 2629 pp„
1082 2543 1277 2627 imm-popam,
1305 2553 1360 2607 pre,
1384 2550 1494 2605 frustm,
1511 2549 1638 2606 pauculo
1655 2549 1732 2604 enim
1762 2564 1822 2604 sur.

147 2629 279 2687 Wlssbeill
305 2632 402 2704 Simia,
427 2633 588 2704 coepiteum
609 2635 713 2690 hibere
736 2635 793 2704 lim
810 2635 838 2689 5¹¹
860 2632 956 2703 m³l0il
1008 2664 1076 2721 gens
1098 2644 1215 2702 asaucti
1247 2641 1362 2708 tumulo,
1386 2656 1449 2696 mox
1469 2647 1499 2695 ut
1525 2640 1609 2694 exivit
1628 2638 1662 2694 ab
1687 2637 1822 2694 aecclesiae

148 2721 312 2799 memmii·
1008 2741 1079 2797 ostio
1094 2759 1099 2795 :
1116 2741 1237 2802 Gratias,
1254 2735 1357 2807 iuquit,
1378 2735 1471 2799 tibio
1492 2736 1570 2800 Deus,
1586 2747 1649 2801 opo.
1664 2734 1733 2802 prtia
1748 2731 1824 2786 sadec

183 2811 210 2868 ἓ.
233 2813 392 2870 Ventilabro
415 2815 663 2888 quadragesimalis
691 2815 875 2871 observantie
891 2831 958 2885 pur·
1009 2834 1097 2888 pumen
1111 2832 1178 2897 emp,
1194 2830 1265 2900 qm
1278 2828 1359 2883 muno
1373 2830 1489 2896 mppr,
1515 2840 1571 2881 ,pm
1589 2824 1657 2879 vida,
1681 2823 1745 2878 ppae,
1764 2821 1825 2893 μὶ.

137 2903 265 3001 Ιςιὼιιῑιπ
277 2918 342 2958 area
357 2911 459 2960 sauctae
471 2905 614 2971 aecclesiae,
630 2905 741 2976 quando
753 2905 890 2960 seniorem
908 2920 959 2959 no·
1009 2939 1054 2978 m,
1068 2919 1261 2976 miraculorum
1287 2916 1378 2992 gratia
1400 2914 1544 2971 taetificans
1560 2914 1668 2968 animos
1684 2911 1822 2978 fidelium,

149 2999 235 3047 atrum
264 2991 311 3047 tali
338 2993 453 3066 contigit
482 2993 611 3049 illustrari
640 2993 817 3050 revelatione.
842 2995 874 3049 lit
895 2995 959 3067 quia
1009 3005 1486 3069 commovpomnegepppudandum
1500 3003 1657 3060 [sompnum.

150 3084 312 3156 ΡΝΨΜῙΘΠΙ
333 3084 452 3139 instabal
467 3091 576 3157 lembus
590 3086 784 3153 desiderabile,
799 3094 909 3158 lembus
922 3053 997 3141 lle
1045 3101 1072 3154 d.
1093 3097 1223 3153 Famade
1249 3095 1362 3151 nomine
1382 3093 1470 3149 sancti
1501 3091 1624 3147 Guiberti
1645 3090 1729 3145 etiam
1750 3104 1827 3144 mare

150 3178 198 3234 lud
217 3179 252 3234 de
263 3186 351 3235 morte
364 3178 461 3235 Christi
475 3181 805 3257 venerabile,gtoriosum
818 3183 853 3237 de
867 3198 961 3237 resur·
1011 3187 1147 3253 transivit,
1162 3192 1189 3241 et
1210 3184 1335 3258 hugliam
1358 3182 1515 3238 illustravit.
1538 3181 1619 3248 Cujus
1643 3179 1684 3234 rei
1705 3179 1768 3234 haee
1781 3177 1830 3233 luit

150 3266 285 3334 rectione,
302 3267 341 3321 ibi
370 3266 428 3322 lixit
447 3269 596 3325 anchoram
610 3286 667 3325 snm
689 3271 864 3339 intentionis,
886 3273 961 3343 qnod
1012 3293 1103 3334 eausa,
1125 3274 1239 3339 Quidam
1264 3270 1531 3328 Gemmelacensium
1556 3269 1718 3324 hethennus
1736 3266 1828 3322 nomi-

150 3357 174 3413 fll
196 3357 263 3430 quid
278 3356 411 3414 divinitus
433 3359 590 3415 novandum
607 3368 681 3415 esaei
695 3360 766 3416 circa
784 3360 961 3416 memoriali]
1013 3385 1048 3424 ne
1069 3368 1103 3424 ad
1128 3366 1252 3440 Angliam
1279 3369 1393 3420 veneral
1409 3379 1492 3419 causa
1513 3360 1686 3435 negotiandi,
1704 3350 1771 3428 Eju's
1784 3375 1831 3413 gg.

151 3447 238 3503 sancti
263 3447 439 3511 confessoris,
466 3449 513 3505 illo
534 3450 705 3521 potissimum
723 3448 800 3505 heret
826 3460 961 3522 tempore.
1014 3459 1105 3513 battus
1119 3456 1318 3522 infirmabatur,
1334 3456 1408 3509 lesus
1426 3453 1530 3525 quippe
1546 3450 1636 3506 luerat
1650 3466 1747 3506 cuma
1767 3449 1830 3505 uari

151 3556 206 3612 quo
230 3540 459 3614 legunturmulta
483 3559 600 3615 corpora
626 3552 784 3599 sanctorum
811 3544 964 3600 surrexisse
1015 3549 1212 3604 extraheretur.
1230 3545 1300 3599 Utile
1322 3544 1409 3597 visum
1435 3548 1477 3596 est
1497 3541 1636 3596 sociorum
1655 3537 1788 3602 consilio,
1804 3543 1833 3592 nt

152 3638 180 3686 ⁰²
194 3632 288 3686 “¹⁰¹²ss
301 3632 472 3704 apparuisse,
498 3634 526 3687 iss
547 3633 735 3689 &stimonium
752 3633 898 3688 d⁰ffllssl0ae
916 3649 963 3689 si·
1015 3644 1142 3716 apposito
1159 3642 1289 3697 lleotomo
1316 3636 1455 3694 iuhrmum
1482 3651 1584 3707 equum
1600 3641 1742 3690 recrearet
1763 3650 1830 3688 san-

152 3722 341 3777 suliflssllffllls·
367 3723 489 3793 ideoque
513 3723 593 3793 quasi
616 3723 699 3778 niihil
729 3731 803 3779 938οῑ
830 3721 963 3795 quicquid
1015 3736 1108 3812 guinis
1133 3733 1263 3789 minutio.
1280 3731 1412 3803 Apposito
1429 3728 1560 3784 fleotomo
1575 3727 1691 3801 sanguis
1710 3725 1828 3792 llucbat,

152 3820 217 3869 ³⁰20
232 3813 344 3879 lecerat,
367 3813 499 3885 quicquid
514 3813 696 3882 jejunaverat,
713 3815 846 3887 quidquid
870 3816 965 3891 Vigila·
1015 3826 1064 3881 sed
1084 3825 1174 3879 linxns
1188 3820 1332 3896 sanguinis
1348 3819 1461 3876 modum
1483 3818 1631 3883 excedens,
1653 3815 1831 3872 nullomodo

152 3909 238 3969 vesal,
252 3902 386 3973 quicquid
409 3909 545 3972 walemir
575 3904 609 3958 ad
625 3903 733 3972 malora
760 3921 789 3960 ὅθ
810 3906 919 3973 excitat,
937 3913 964 3961 el
1014 3917 1128 3988 reprimi
1151 3921 1266 3986 poterat.
1282 3911 1360 3968 llulti
1380 3910 1595 3986 negotiatorum,
1610 3907 1692 3964 multi
1717 3924 1832 3980 quoque

153 3993 199 4065 Ρίθ
239 3992 326 4047 Oculis
351 3993 456 4047 habens
496 3993 596 4048 dirime
623 3995 815 4064 immissionis
842 3997 962 4061 oracula,
1014 4005 1360 4078 llnglorumcoucnrrunt;
1387 3998 1595 4065 multudicunt,
1621 3995 1833 4053 multalaciuut

153 4089 257 4153 quanto
271 4082 305 4137 dc
319 4082 436 4137 veritate
451 4083 637 4153 promittentis
669 4092 728 4139 erat
753 4085 863 4152 certior,
888 4094 963 4141 tanto
1014 4111 1076 4166 quae
1103 4094 1136 4148 ad
1166 4089 1373 4164 reprimendum
1403 4086 1547 4160 sanguinis
1566 4085 1670 4140 lluxum
1695 4086 1832 4157 prodesse

153 4177 183 4232 in
197 4177 244 4233 illa
259 4194 341 4251 quam
356 4179 486 4250 sperabat
500 4179 546 4234 die
561 4178 672 4235 volebat
688 4179 811 4236 inveneri
831 4180 959 4252 paratior.
1014 4187 1114 4243 soient,
1136 4186 1200 4251 Quae,
1218 4183 1310 4239 omnia
1321 4199 1383 4238 cunr
1399 4180 1444 4236 bic
1460 4178 1545 4234 nichil
1560 4178 1695 4244 valerent,
1719 4178 1768 4232 ille
1784 4192 1831 4233 cu·

151 4270 253 4326 Verum
276 4287 331 4326 uon
354 4271 424 4327 sicut
449 4271 509 4343 ipse
524 4271 665 4344 cogitabat
680 4304 712 4313 -
738 4272 872 4329 Dominus
888 4273 962 4329 enim
1012 4280 1058 4349 jus
1073 4284 1131 4334 erat
1153 4293 1240 4349 equus
1255 4290 1401 4331 recurrens
1413 4273 1447 4329 ad
1462 4281 1557 4328 uotum
1574 4271 1626 4324 sibi
1638 4271 1830 4341 presidium:

152 4360 229 4417 novit
249 4361 433 4436 cogitationes
458 4362 601 4417 bominum
631 4363 762 4436 quoniam
789 4381 866 4421 vana
898 4351 1118 4439 suntDSanctg
1146 4371 1247 4442 inquit,
1279 4367 1421 4434 wicberte,
1454 4369 1503 4436 qni
1529 4363 1614 4418 arichi
1638 4367 1663 4417 te
1689 4365 1832 4419 invocanti·

151 4453 248 4508 *ted
263 4453 336 4510 ⁸501ss
356 4454 427 4510 Deus
442 4449 620 4526 diSPOSudral
640 4454 740 4512 facium
757 4463 808 4512 θεῖ·
825 4457 963 4530 lamergo
1013 4463 1265 4525 autissioderinse,
1294 4477 1350 4515 ecoe
1368 4462 1398 4514 in
1424 4463 1468 4513 tuo
1493 4458 1600 4511 nominc
1624 4455 1773 4511 denarium
1788 4471 1831 4511 sa-

152 4543 297 4598 transierat
320 4558 375 4598 nou
391 4544 480 4599 solum
503 4544 563 4599 dies
578 4545 624 4599 illa
642 4545 677 4600 de
703 4544 802 4600 Christi
823 4561 963 4601 resurrec-
1012 4569 1130 4626 pepone
1145 4553 1266 4622 effluenti
1280 4565 1361 4604 aena.
1379 4546 1450 4601 ltixit
1466 4552 1492 4600 et
1517 4543 1660 4616 imposuit,
1677 4552 1706 4599 et
1721 4544 1752 4599 in
1771 4545 1830 4616 ipso

151 4637 228 4693 tione
242 4638 368 4702 celebris,
384 4639 538 4712 quinimmo
558 4647 585 4696 et
604 4639 650 4696 illa
671 4640 706 4696 de
722 4640 782 4711 eius
799 4641 963 4712 promissio·
1014 4646 1164 4703 dictatoris
1187 4641 1331 4716 sanguinis
1346 4639 1432 4706 stetit,
1455 4654 1507 4693 uec
1527 4638 1597 4692 ultra
1614 4635 1733 4692 estium.
1751 4636 1829 4710 tagii

152 4741 198 4791 ¹¹0,
224 4726 252 4780 id
278 4733 319 4782 0⁸1
337 4728 459 4784 adventu
487 4729 574 4784 sancii
591 4729 711 4798 Silillus
726 4728 919 4799 expectabilis,
936 4736 963 4785 el
1014 4756 1061 4811 pre
1077 4738 1206 4795 omnibus
1223 4751 1308 4806 super
1320 4734 1373 4788 boc
1392 4730 1492 4798 mirati,
1511 4729 1658 4800 requirunt
1679 4728 1714 4783 dc
1733 4728 1829 4784 uomi-

152 4820 223 4876 insra
233 4822 287 4878 tale
300 4823 423 4895 tantique
436 4832 546 4896 tempus
561 4827 695 4898 mysterii,
712 4824 798 4881 nichil
814 4825 877 4881 novi
895 4840 970 4881 cou··
1013 4844 1048 4883 ne
1067 4834 1095 4882 ct
1108 4825 1205 4881 merite
1220 4824 1307 4879 sancti
1330 4819 1476 4884 Wieberti,
1491 4824 1518 4874 et
1532 4818 1673 4873 discentes
1689 4833 1752 4873 esse
1767 4833 1830 4888 pro·

152 4911 252 4987 tigerat
266 4912 338 4969 circa
352 4916 530 4986 sepulchrum
545 4918 643 4974 sancti.
665 4919 763 4974 Videre
793 4924 852 4972 erat
866 4933 961 4973 senem
1013 4915 1165 4987 pitiabilem
1183 4911 1384 4969 invocationem
1408 4908 1528 4964 nominis
1552 4906 1623 4976 ejus,
1645 4914 1830 4962 assueverunt

151 5009 274 5059 nostrum
295 5004 426 5062 domnum
447 5007 623 5083 Sigebertum
652 5009 679 5063 in
696 5009 748 5064 hac
768 5009 962 5080 expectatione
1013 5008 1140 5064 invocare
1152 5023 1215 5062 eum
1232 5005 1259 5060 iu
1271 5004 1330 5060 suis
1344 5000 1569 5059 necessitatibus.

150 5093 279 5161 delicere,
296 5095 365 5151 mori
379 5096 459 5151 malle
472 5113 553 5168 quum
569 5098 674 5166 vivere,
690 5114 721 5154 se
736 5115 826 5168 reum,
844 5114 874 5153 se
891 5098 961 5153 stul·
1049 5100 1074 5154 5.
1097 5097 1127 5152 Et
1142 5096 1204 5168 quis
1227 5093 1336 5150 dubitet
1356 5091 1470 5168 dignum
1498 5104 1560 5145 esse
1575 5086 1722 5174 miraculo,
1753 5087 1827 5160 quod

150 5189 207 5239 tum
226 5185 362 5254 judicare,
392 5186 471 5258 quasi
494 5186 542 5258 qui
574 5202 603 5243 se
629 5187 747 5262 dignum
772 5187 960 5254 aestimaverit,
1014 5205 1064 5262 per
1079 5185 1281 5242 invocationem
1296 5181 1382 5242 sancti
1397 5178 1528 5236 Wicberti
1551 5185 1684 5249 operatus
1698 5184 1741 5232 est
1756 5177 1829 5233 bens

150 5285 232 5340 quem
247 5273 319 5328 heus
334 5274 494 5348 dignaretur
507 5291 557 5330 sua
573 5277 753 5333 revelatione.
776 5276 829 5332 Sed
844 5278 893 5349 qui
908 5276 960 5331 hu·
1012 5278 1040 5332 in
1056 5273 1200 5332 liberando
1221 5267 1385 5327 Everelmol
1404 5268 1452 5323 llic
1472 5267 1630 5325 [renelmus
1655 5281 1761 5341 genere
1777 5281 1828 5321 no-

150 5359 264 5416 milibus
287 5363 357 5419 lieus
371 5364 418 5419 dat
438 5365 565 5439 gratiam,
581 5366 635 5422 cito
660 5369 817 5425 consolatus
834 5375 876 5424 est
898 5367 959 5436 eius
1010 5369 1084 5434 hilis,
1099 5382 1150 5422 usu
1166 5364 1248 5421 ctiam
1259 5362 1364 5421 militiae
1378 5377 1434 5417 non
1446 5358 1589 5435 ignobilis,
1601 5364 1699 5428 eaptus
1713 5374 1729 5412 a
1744 5364 1827 5428 nepte

822 5468 933 5524 vatitAE
953 5465 1141 5525 Lectiones.

191 5532 226 5567 ⁸⁰⁶
240 5535 287 5590 hoc
300 5544 382 5606 caput
392 5541 506 5595 mutatis
520 5539 624 5595 ultimis
634 5545 774 5598 sententiis
785 5545 862 5598 catat
880 5546 905 5597 et
918 5540 998 5595 teat.

187 5673 379 5744 [905)llinaut.
931 5611 1032 5669 Nm·
