3720 6014
725 232 898 290 attauhun
919 232 1174 292 cnuuttcfflsts

107 240 162 298 tat
1738 240 1792 301 ⁷²8

108 383 251 441 nunquam
275 366 392 435 alicujus
418 367 509 440 gentis
534 367 602 442 jugo
622 364 722 435 subjici
750 363 824 436 passi
843 368 958 440 suntne
974 380 1157 422 cumamores
1171 364 1384 436 superducebat.
1396 365 1426 421 Et
1440 367 1567 436 quamvis
1580 367 1653 424 adeo
1664 368 1796 441 deditus,

108 459 158 517 sed
185 455 284 514 ricinis
307 470 419 525 semper
437 453 567 530 gentibus
595 457 693 511 terrori
719 454 840 509 luerunt.
860 450 913 507 Sed
965 465 1041 514 esset
1061 454 1164 510 carnali
1180 454 1358 521 commercio,
1375 455 1478 510 nullam
1508 464 1599 511 tamen
1624 473 1707 528 spem
1725 472 1792 528 pro·

107 565 181 615 cum,
197 546 238 601 sic
263 544 445 617 dispensante
461 543 528 611 ilco,
549 543 694 599 universus
708 542 783 599 orbis
796 542 915 614 imperio
966 545 1100 620 pagaudae
1122 543 1293 615 posteritatis
1312 541 1443 609 habebat,
1460 560 1492 600 ex
1513 544 1588 599 nulla
1608 552 1649 601 tot
1669 561 1790 602 rusorum

107 641 230 698 hnmano
258 637 388 693 subactus
415 642 467 703 est,
492 645 519 692 et
547 635 734 707 descriptione
762 633 832 690 lacta
860 634 913 690 sub
967 635 1023 693 tilio
1043 642 1186 706 suscepto.
1204 635 1376 690 Permauimo
1391 650 1458 710 ergo
1474 635 1677 708 dolebat,quia
1693 637 1788 694 sellei

107 755 192 796 censu
210 737 347 801 redactus,
375 734 458 789 etiam
487 733 539 805 ipsi
567 733 751 788 Romanorum
775 729 913 786 tributarii
964 730 1098 788 offensam
1129 729 1280 784 incurrisse
1300 728 1452 797 sentiebat,
1477 731 1628 800 praesertim
1651 731 1730 802 quod
1753 746 1787 786 ex

107 826 170 884 lacti
190 827 377 882 Romanorum
394 833 484 879 tamen
501 821 656 893 prouincias
670 820 776 877 crebris
792 817 913 875 incursi-
964 820 1040 895 regio
1074 824 1179 890 patrum
1210 832 1323 872 suorum
1356 817 1465 872 semine
1497 818 1603 873 nullum
1631 834 1788 889 superesse

106 917 158 973 bus
176 913 355 980 infestabant,
371 919 398 968 et
411 927 512 968 nomen
528 926 607 966 snum
626 910 709 984 longe
725 911 834 980 lateque
850 922 913 977 ttr0·
963 914 1067 970 sciebat
1095 918 1196 984 praeter
1221 927 1261 978 se,
1287 920 1314 967 et
1340 910 1451 967 fratrem
1479 928 1558 968 suum
1575 912 1784 969 charibertum.

106 1011 247 1084 patebant.
274 1010 312 1065 ab
324 1007 432 1063 excidio
444 1004 531 1074 Trojae
548 1021 636 1078 usque
655 1004 690 1060 ad
706 1005 764 1059 haec
788 1011 912 1074 tempora
964 1007 1015 1073 Qui
1037 1005 1214 1062 charibertus
1233 1011 1346 1076 propter
1361 1005 1568 1078 simplicitatem
1596 1007 1713 1062 nimiam
1731 1008 1786 1065 mi·

105 1100 290 1157 Valentiniani
319 1097 493 1170 impemtoris
512 1113 556 1153 res
571 1097 734 1153 Francorum
756 1095 794 1150 ita
819 1110 849 1150 se
869 1094 914 1149 ha·
964 1117 1017 1157 nus
1041 1100 1159 1156 idoneus
1193 1105 1252 1155 erat
1280 1099 1314 1154 ad
1346 1098 1425 1171 regui
1464 1099 1694 1172 gubernaculum.
1728 1101 1784 1158 sed

104 1192 234 1249 buerunt.
965 1193 1090 1265 quamvis
1103 1191 1266 1263 desperaret
1275 1191 1310 1247 de
1321 1190 1407 1263 prolis
1422 1191 1596 1263 posteritate.
1613 1207 1672 1248 uon
1685 1199 1784 1250 tamen

141 1278 334 1336 annnllnlnss‘)
345 1277 510 1348 lfflpnlflssina
526 1291 581 1348 <1¹¹⁰
590 1275 695 1330 ⁸⁰l¹i⁰⁰i
709 1281 835 1345 iemP0l⁸
849 1289 912 1328 ⁸³¹¹·
963 1287 1114 1359 desperans
1139 1287 1174 1342 de
1193 1287 1240 1343 llei
1256 1286 1447 1353 miseratione,
1473 1289 1691 1360 precordialiter
1716 1306 1782 1347 eum

108 1381 168 1431 mus
187 1372 319 1428 Martinus
333 1370 472 1427 Turonum
489 1369 637 1441 episcopus
664 1383 714 1440 per
729 1367 828 1423 Gallias
855 1367 912 1424 cln·
963 1377 1163 1448 deprecabatur
1178 1384 1207 1433 ut
1218 1377 1272 1433 sibi
1289 1395 1321 1435 er
1336 1378 1400 1447 ejus
1415 1387 1485 1434 nutu
1500 1377 1573 1434 lilius
1589 1381 1715 1447 daretur,
1732 1382 1783 1455 qui

106 1469 185 1526 rebat
197 1467 343 1523 sanctitate
357 1472 385 1520 et
404 1463 552 1531 miraculis,
569 1480 630 1519 cum
652 1462 777 1535 quaedam
795 1462 912 1534 Scythiae
962 1469 1014 1525 sibi
1030 1471 1058 1525 in
1078 1470 1214 1545 regimine
1229 1471 1308 1544 regni
1329 1471 1538 1546 subrogaretur.
1559 1471 1655 1529 iustus
1670 1482 1698 1530 et
1717 1474 1784 1546 pius

106 1578 186 1634 gens,
207 1559 254 1632 qui
270 1560 400 1615 dicuntur
413 1556 503 1623 Alani,
524 1564 618 1612 contra
631 1556 769 1612 Romanos
784 1556 914 1611 rebellas·
963 1559 1106 1617 Dominus,
1122 1559 1168 1630 qui
1194 1559 1336 1614 hominum
1359 1560 1494 1615 erratibus
1520 1559 1554 1615 ad
1572 1560 1641 1615 iram
1663 1561 1784 1617 attrahi-

105 1658 177 1715 sent,
191 1663 296 1720 eosque
312 1646 426 1702 Romani
441 1653 557 1717 propter
572 1643 910 1700 inaccessabilesllcothis
940 1685 945 1708 ‚
962 1661 1016 1713 mr,
1033 1648 1163 1719 precibus
1178 1649 1261 1703 etiam
1283 1649 1428 1705 humilium
1444 1651 1478 1705 ad
1499 1651 1721 1709 misericordiam
1739 1669 1784 1709 re·

105 1739 229 1797 huminis
248 1738 363 1810 paludes
376 1737 487 1792 vincere
502 1751 558 1792 non
583 1742 706 1808 possent,
727 1734 841 1792 llomani
863 1752 913 1807 pa·
962 1740 1081 1795 ducitur.
1112 1741 1167 1795 ltex
1186 1740 1324 1812 siquidem
1357 1742 1529 1815 llagobertus
1553 1743 1618 1798 dum
1649 1743 1783 1801 circuiret

105 1840 179 1891 ctum
200 1836 412 1904 proposuerunt,
440 1836 470 1885 ut
488 1829 577 1902 siqui
599 1843 648 1884 eos
669 1828 814 1885 vincerent
835 1844 850 1883 a
869 1828 912 1884 tri·
963 1829 1131 1885 austrasiam
1149 1845 1222 1885 nono
1238 1831 1401 1904 annoregni
1418 1831 1471 1899 sui,
1490 1833 1609 1904 puellam
1627 1833 1780 1905 quamdam

104 1923 286 1979 butisdecem
301 1920 382 1976 annis
402 1917 481 1975 liberi
501 1924 603 1974 essent.
628 1917 775 1986 Sicambri,
796 1932 911 1990 quorum
965 1916 1169 1989 hagnctrudem
1190 1919 1313 1987 nomine,
1330 1920 1422 1975 vultus
1440 1921 1579 1996 elegantia
1593 1922 1777 1991 laudabilem,

107 2020 173 2069 tunc
192 2010 326 2083 temporis
352 2023 399 2064 rex
426 2016 485 2062 erat
499 2006 633 2062 Priamus.
655 2006 756 2063 Alanos
776 2007 912 2071 uicerunt,
963 2025 1068 2082 genere
1088 2011 1169 2066 ctiam
1187 2012 1259 2066 iuter
1278 2013 1432 2069 Austrasios
1451 2029 1507 2069 uon
1524 2014 1691 2084 ignobilem,
1712 2032 1775 2072 cum

105 2115 133 2161 et
147 2105 183 2162 ob
200 2106 253 2160 hoc
266 2119 283 2158 a
296 2101 489 2158 Valentiniano
501 2099 667 2172 imperatore
682 2099 787 2154 honore
802 2108 830 2153 et
849 2114 912 2153 mu·
963 2099 1031 2170 regii
1044 2100 1134 2155 cultus
1150 2101 1255 2157 honore
1268 2117 1381 2158 uxorem
1396 2103 1447 2159 sibi
1465 2104 1559 2174 punxit
1583 2106 1649 2171 Quae
1666 2105 1725 2161 lleo
1739 2105 1777 2161 ita

105 2212 171 2252 nere
186 2194 263 2268 digni
278 2192 375 2260 hahiti,
391 2191 425 2246 ab
442 2207 475 2247 eo
491 2190 586 2265 lingua
601 2189 693 2245 Graeca
708 2188 815 2256 Franci,
830 2189 912 2244 idest
960 2193 1069 2248 volente
1085 2193 1183 2248 eodem
1200 2209 1273 2249 anno
1301 2194 1328 2249 ei
1350 2193 1437 2250 hlium
1453 2197 1559 2269 genuit,
1587 2213 1670 2269 quem
1697 2213 1778 2255 sacro

104 2284 211 2340 leroces
225 2281 355 2353 appellati
375 2288 449 2336 suut.
465 2279 528 2335 Post
552 2294 640 2334 annos
658 2278 753 2334 decem
769 2294 831 2334 curn
852 2277 912 2333 exi·
960 2284 1035 2341 foma
1052 2293 1243 2360 mgemmtum
1256 2286 1432 2362 Sigebmmm
1454 2289 1614 2345 nominauit,

103 2374 232 2447 gentibus
250 2370 380 2427 Romanis
400 2370 502 2424 tributa
522 2368 629 2424 solvere
652 2367 767 2434 nollent,
783 2375 811 2423 et
833 2369 911 2424 insu-
996 2376 1109 2432 Peracto
1129 2375 1271 2447 aliquanto
1297 2383 1421 2448 tempore
1446 2395 1492 2434 mu
1520 2379 1692 2450 {tagobertus
1712 2396 1776 2437 cum

104 2480 154 2536 per
176 2464 306 2519 audacter
329 2459 505 2523 rebellarent,
534 2458 742 2513 Valentinianus
769 2473 818 2513 00³
838 2457 912 2514 bein
962 2467 1037 2521 omni
1063 2467 1247 2521 exercitusuo
1266 2482 1367 2540 magno
1395 2467 1549 2538 tripudians
1574 2469 1677 2542 gaudio
1701 2486 1778 2526 anuo

104 2554 190 2609 victos
204 2550 343 2616 contrivit,
365 2560 391 2603 ct
411 2565 504 2620 regem
520 2563 615 2604 eorum
632 2549 766 2604 Priamum
782 2551 910 2621 peremit.
963 2555 1041 2629 regni
1055 2555 1097 2610 sui
1112 2573 1137 2609 xr
1152 2554 1253 2610 blettim
1269 2555 1347 2624 adiit,
1374 2556 1470 2628 ibique
1486 2573 1631 2628 procerum
1655 2566 1683 2615 et
1705 2576 1777 2631 pon-

105 2647 169 2704 Post
204 2645 340 2700 Priamum
383 2640 440 2697 silio
478 2642 538 2711 ejus
567 2641 727 2698 llarcomiro
768 2651 911 2718 regnante,
963 2644 1246 2699 tisrcnmconrentum
1272 2645 1373 2701 adesse
1393 2646 1485 2714 jussit,
1505 2663 1659 2720 eorumque
1681 2651 1778 2705 consi-

104 2735 362 2794 FranciSicambria
382 2733 485 2809 egressi
503 2734 530 2788 in
546 2717 699 2810 Thuringia
716 2736 910 2791 Germanorum
963 2735 1000 2791 lio
1014 2743 1042 2790 et
1056 2752 1192 2791 consensu
1210 2736 1295 2791 salium
1320 2753 1400 2792 suum
1417 2737 1584 2811 sigihertum
1605 2741 1632 2795 in
1655 2758 1777 2816 regnum

105 2827 448 2902 prouinciaeonsederunt
471 2826 534 2881 Post
552 2826 743 2881 llarcomirum
768 2826 912 2894 filiuseius
962 2824 1162 2880 hustrasiorum
1198 2824 1366 2891 sublimarit,
1394 2827 1546 2898 sedemque
1579 2831 1657 2904 regni
1683 2831 1779 2887 llettis

104 2916 366 2982 Faratrtundusluit,
388 2931 434 2970 rex
455 2915 580 2980 crinitus,
601 2931 684 2986 aquo
713 2915 808 2971 Franci
824 2917 911 2972 crini·
963 2915 1063 2971 hahere
1084 2916 1217 2987 permisit,
1244 2924 1348 2987 partem
1373 2918 1456 2973 ctiam
1473 2920 1663 2976 thesaurorum
1695 2923 1779 2979 suih-

105 3019 147 3066 tos
161 3024 242 3082 reges
256 3006 357 3062 habere
371 3012 526 3076 coepcrunt.
547 3005 703 3077 Postquam
719 3006 849 3062 Claudius
873 3006 889 3061 ir
933 3005 1079 3075 ‚cientem
1101 3007 1222 3062 tradidit.
1244 3008 1308 3063 Post
1330 3025 1432 3065 aunum
1453 3011 1574 3065 nascitur
1594 3014 1653 3089 regi
1680 3014 1776 3090 llago·

104 3105 158 3160 lius
181 3105 240 3176 ejus
262 3117 381 3176 regnans
420 3101 572 3157 Francisa
610 3101 760 3177 Thoriugia
787 3103 909 3158 adrectis
931 3095 1037 3150 *beno
1062 3094 1144 3161 filins,
1178 3097 1225 3169 qni
1254 3097 1407 3153 Clodnnnns
1435 3107 1477 3154 est
1503 3111 1689 3172 nuncupatus.
1720 3106 1773 3170 Qui

103 3197 204 3253 Gallias
218 3195 328 3263 invasit,
352 3201 380 3249 et
399 3201 479 3265 capta
494 3193 562 3249 urhe
587 3192 709 3250 Tcrnaeo
730 3194 907 3251 Camaracum
959 3186 1056 3242 iterum
1070 3187 1179 3243 cunetis
1195 3188 1358 3258 primatibus
1386 3194 1530 3248 austrasiae
1546 3202 1573 3248 et
1587 3196 1727 3254 Neustrire
1745 3200 1774 3255 iu

103 3285 478 3359 usqueprogressusmultos
494 3285 678 3341 homanorum
699 3286 727 3340 in
741 3286 833 3342 Galliis
848 3305 908 3359 per·
957 3282 1080 3358 generali
1100 3288 1236 3338 conventu
1263 3285 1447 3359 congregatis,
1476 3287 1576 3343 iterum
1601 3289 1773 3349 clirisionem

101 3380 178 3435 emit.
206 3377 298 3434 Galliae
330 3376 468 3448 siquidem
495 3394 510 3433 a
538 3385 663 3449 tempore
690 3377 755 3433 lulli
782 3378 905 3444 Caesaris,
958 3375 1035 3450 regni
1052 3376 1124 3430 inter
1148 3374 1218 3430 duos
1234 3374 1471 3444 tiliosordinavit,
1499 3383 1733 3440 eorumconsiho
1749 3392 1776 3441 et

100 3468 906 3543 quieasdecennalibellodomuit,suhimperiollomano
956 3483 1071 3522 assensu
1105 3465 1288 3533 confirmavit,
1326 3468 1396 3522 datis
1434 3476 1462 3524 et
1494 3473 1615 3543 acceptis
1650 3473 1772 3530 invicem

101 3571 190 3630 erant,
216 3573 244 3619 et
264 3562 298 3618 ab
320 3565 361 3618 eis
385 3560 524 3632 principes
542 3560 725 3632 recipiebant.
754 3562 808 3617 Sed
828 3564 904 3619 omni
957 3557 1044 3628 pactis
1057 3564 1083 3611 et
1096 3556 1286 3622 sacramentis,
1301 3567 1330 3612 ut
1345 3557 1452 3615 scilicet
1466 3559 1652 3618 determinato
1665 3565 1771 3620 utrius-

98 3658 201 3714 auxilio
216 3655 364 3722 destitutae,
389 3654 528 3709 Wandalis
554 3661 581 3710 et
604 3654 709 3721 Gothis,
739 3655 904 3727 caeterisque
955 3664 1009 3721 nnn
1032 3648 1109 3721 regni
1135 3657 1211 3704 cerlo
1236 3648 1332 3717 limite,
1353 3649 1507 3722 Sigibertus
1531 3662 1661 3725 regnaret
1684 3671 1773 3728 super

98 3744 259 3802 nationibus
281 3743 406 3799 barbaris
433 3743 564 3815 expositae
585 3743 735 3815 direptioni
761 3746 902 3817 patebant.
954 3742 1130 3808 tustrasiam,
1168 3739 1321 3796 Clodoteus
1355 3757 1421 3797 vero
1453 3752 1562 3817 regeret
1597 3743 1768 3803 Nuustriam.

98 3840 161 3896 Post
185 3838 308 3895 Clodium
336 3836 494 3892 lderorecus
520 3835 592 3892 filius
615 3837 676 3906 ejus
698 3838 832 3912 regnarit,
858 3839 904 3912 qui
956 3834 1019 3889 Eam
1036 3840 1141 3905 purtem
1167 3832 1287 3887 Franciae
1310 3848 1370 3903 quae
1394 3842 1500 3903 spectat
1520 3834 1553 3888 ad
1581 3835 1728 3892 meridiem
1743 3849 1772 3895 et

97 3932 162 4003 quia
174 3931 241 3985 satis
260 3928 337 3985 utilis
352 3927 402 3983 luit
417 3928 612 3984 Francosase
631 3929 806 4002 llerovingos
817 3931 904 3988 deno·
954 3925 1088 3980 orientem
1118 3924 1253 3979 vnnnbnnl
1284 3923 1462 3990 Annnnsintn,
1493 3941 1553 3980 eam
1586 3942 1648 3997 quae
1678 3931 1771 4004 tergit

96 4017 220 4074 minavit.
253 4016 337 4086 Hujus
356 4023 481 4087 tempore
505 4016 587 4071 attila
616 4032 662 4072 rex
684 4018 847 4076 Hunnorum
875 4033 904 4078 ut
953 4016 987 4070 nd
1028 4013 1187 4086 arquitenem
1230 4020 1257 4068 et
1300 4013 1471 4069 occidentem
1516 4016 1651 4072 uocabant
1691 4019 1768 4076 tteu-

95 4107 153 4164 lera
176 4113 327 4178 tempestas
348 4106 383 4162 ab
410 4105 547 4177 hqttilone
569 4107 679 4163 irruens
706 4115 774 4165 totas
803 4110 903 4167 Gallias
953 4104 1058 4159 sinant·

94 4197 249 4265 inundavit,
269 4203 296 4252 et
316 4195 404 4264 lictis,
432 4196 567 4253 Treueris.
593 4197 719 4272 Titngris,
741 4199 844 4267 Remis,
875 4210 902 4257 et
989 4195 1043 4250 lien
1059 4193 1240 4270 aigobertus,
1258 4201 1311 4248 nnn
1327 4192 1402 4263 insin
1421 4201 1448 4249 nl
1470 4200 1523 4248 tam
1544 4196 1703 4266 prudenter
1723 4215 1769 4255 tc-

93 4304 277 4360 omnespene
292 4288 385 4355 urbes,
401 4294 489 4344 castra
515 4288 558 4344 vel
580 4289 694 4360 oppida,
715 4307 802 4365 usque
817 4295 901 4352 iture-
951 4305 1007 4365 gno
1022 4297 1138 4360 utroque
1164 4287 1302 4356 ordinato,
1326 4304 1361 4343 ne
1388 4288 1537 4361 aliquando
1562 4289 1656 4361 aliquo
1682 4294 1768 4350 modo

93 4381 184 4450 lienis,
213 4381 273 4438 diro
292 4378 400 4436 excidio
428 4379 630 4437 exterminavit.
658 4382 710 4437 Sed
732 4385 841 4440 terudem
863 4381 994 4451 abDvel
1022 4381 1119 4436 iratres
1138 4381 1210 4437 inter
1228 4396 1259 4436 so
1281 4385 1401 4436 tratemo
1420 4380 1486 4437 odio
1506 4381 1689 4451 dissiderent,
1721 4388 1768 4442 rel

93 4475 172 4533 ethic
187 4474 372 4531 Romanorum
393 4472 474 4538 duco,
485 4473 583 4547 eisque
602 4475 801 4532 auxiliantibus
814 4478 900 4534 Fran-

92 4572 143 4640 cis,
157 4570 231 4627 bello
245 4571 332 4626 victus
346 4568 514 4641 repatriavit.
532 4571 610 4626 huno
625 4579 688 4642 post
703 4578 818 4629 mortem
834 4592 898 4630 san·

92 4665 129 4721 cti
162 4662 268 4719 llartini
294 4679 336 4718 civ
365 4662 465 4719 lactum
490 4664 543 4720 hoc
562 4664 700 4721 excidium
734 4666 897 4726 Gallicarum

91 4752 214 4821 urbium,
227 4751 382 4810 llcrovecbi
396 4769 469 4808 anno
484 4754 591 4826 quinto.

31 4909 36 4917 Ι
282 4844 358 4897 Deest
369 4842 412 4897 ln'c
425 4843 522 4910 {otium
536 4847 565 4899 ia
579 4845 637 4900 cod.
653 4860 703 4900 ms.

54 4967 57 4971 <
125 4932 191 4988 Nam
207 4932 333 5004 quamvis
351 4932 524 5005 [lagobertus
540 4950 587 4990 rex
601 4941 675 4990 esset
689 4937 818 5012 egregius
830 4938 894 4994 bel·

88 5025 168 5092 lator,
184 5023 358 5080 sacerdotum
384 5024 433 5080 [lei
454 5031 481 5080 et
501 5025 682 5082 Ecclesiarum
699 5027 760 5098 prius
779 5037 894 5098 amator,

88 5129 240 5186 pauperum
261 5112 359 5168 Christi
385 5113 477 5189 largus
504 5113 672 5185 sublevator,
700 5127 727 5172 et
750 5118 895 5175 multarum

88 5208 187 5265 artium
204 5210 337 5266 bonorum
358 5216 511 5277 exsecutor,
533 5216 623 5265 tamen
639 5212 757 5269 carnalis
772 5214 895 5270 inconti-

87 5298 190 5355 nentiae
217 5299 314 5356 morbo
340 5299 424 5354 nimis
440 5299 592 5366 laborabat,
609 5308 636 5356 et
662 5303 727 5359 inde
744 5303 901 5380 claritudini

87 5389 208 5445 nominis
222 5389 264 5445 sui
293 5389 394 5444 loedam
415 5387 535 5444 iniamiae
558 5397 650 5445 notam
669 5397 853 5461 contraxerat,
874 5405 901 5453 ct

87 5476 162 5548 quod
176 5479 286 5552 gratius
301 5488 361 5534 erat
382 5479 463 5553 Regis
485 5495 580 5552 regum
603 5481 669 5535 iram
685 5491 780 5537 contra
795 5499 825 5539 se
848 5501 897 5539 ac-

86 5567 227 5624 cenderat.
243 5570 363 5645 Reginus
386 5571 460 5628 onim
485 5587 550 5627 suas
565 5569 636 5627 fictis
658 5588 691 5627 ex
710 5575 801 5630 causis
829 5576 896 5632 alias

85 5673 138 5731 pro
151 5657 212 5715 aliis
226 5661 403 5737 repudiabat,
419 5663 487 5736 ipsis
502 5679 613 5739 quoque
628 5666 803 5737 desponsatis
812 5668 894 5740 pelli·

951 4489 1065 4548 regnum
1086 4472 1112 4528 in
1129 4489 1159 4527 sc
1174 4473 1233 4543 ipso
1253 4472 1370 4528 diuisum
1391 4471 1480 4527 civilis
1501 4473 1566 4528 belli
1586 4473 1766 4534 desolaretur

949 4564 1090 4632 scandalo,
1115 4577 1187 4617 anno
1204 4562 1283 4638 regni
1312 4562 1355 4617 sui
1375 4579 1428 4617 xvir
1444 4569 1580 4630 mortuus,
1601 4572 1629 4619 et
1644 4565 1769 4624 Parisius

949 4655 978 4710 in
992 4655 1107 4712 basilica
1129 4655 1222 4710 Sancti
1238 4654 1353 4710 [lionisii
1366 4654 1501 4726 sepultus,
1532 4671 1648 4730 regnum
1660 4658 1770 4717 dimisit

949 4747 983 4802 ah
997 4745 1099 4802 exteris
1115 4751 1240 4816 pacatum
1256 4743 1398 4819 gentibus,
1418 4749 1447 4798 et
1462 4743 1490 4799 in
1507 4744 1583 4800 nullo
1593 4745 1765 4805 diminutum

947 4854 963 4895 a
982 4839 1040 4894 suis
1056 4837 1167 4893 tinibus.
1189 4836 1252 4893 Post
1270 4836 1349 4908 cujus
1369 4834 1475 4890 obitum
1500 4834 1555 4891 duo
1571 4853 1652 4910 reges
1668 4845 1698 4893 et
1710 4838 1767 4894 lra-

946 4940 1002 4988 tres
1021 4931 1174 5006 sigibertus
1197 4937 1225 4985 et
1254 4928 1409 4985 Clodovcus
1428 4944 1458 4984 se
1479 4929 1599 5001 quisque
1622 4929 1649 4984 in
1677 4949 1766 5009 regno

947 5043 999 5084 suo
1015 5026 1134 5100 agebant
1148 5026 1308 5097 prudenter,
1330 5031 1359 5080 et
1382 5025 1455 5080 inter
1473 5040 1539 5081 suos
1568 5025 1701 5084 valebant
1716 5045 1766 5101 po·

947 5127 1047 5177 tenter.
1074 5120 1180 5175 luterea
1202 5117 1315 5189 Pipinus
1341 5117 1429 5186 maior
1448 5118 1547 5173 domus
1565 5119 1604 5187 ssex
1621 5119 1674 5176 hac
1702 5122 1765 5179 luce

948 5217 989 5266 est
1004 5209 1172 5276 subtractus,
1202 5208 1248 5281 qui
1273 5207 1362 5280 ipsum
1388 5205 1556 5282 sigibertum
1579 5218 1699 5280 paterne
1714 5228 1766 5268 nu·

954 5303 1049 5359 trierat
1069 5319 1084 5357 a
1103 5317 1201 5374 puero,
1224 5307 1252 5356 ct
1276 5299 1367 5356 ualido
1381 5299 1422 5354 sui
1443 5299 1537 5355 auxilii
1558 5307 1767 5360 sustentaverat

953 5392 1076 5447 brachio.
1106 5391 1152 5445 llic
1167 5389 1335 5445 omnimodis
1355 5403 1440 5460 regno
1461 5387 1545 5456 utilis,
1570 5405 1688 5461 genere.
1710 5407 1764 5464 po·

950 5488 1045 5552 tentia,
1067 5484 1223 5557 prudentia,
1241 5492 1268 5539 et
1283 5482 1445 5539 tortitudine
1459 5499 1543 5554 super
1555 5498 1654 5541 omnes
1670 5487 1764 5544 nomi-

949 5579 1059 5646 nabilis,
1090 5576 1281 5633 Grimoardum
1311 5574 1396 5631 hlium
1422 5592 1502 5632 suum
1531 5592 1623 5631 rerum
1645 5594 1762 5638 suarum

947 5669 1085 5727 haeredem
1111 5667 1190 5726 lecit:
1206 5667 1275 5724 duas
1295 5682 1409 5740 quoque
1426 5665 1499 5722 filias
1512 5682 1577 5723 suas
1591 5666 1759 5729 Gertrudem
