3720 6014
86 243 141 301 493

161 379 341 420 nonaxonuu.
416 382 575 422 rnxnaonuu
671 384 825 424 auctores.

123 453 219 509 bleuse
245 453 355 509 Octobri
389 470 434 509 rex
476 456 572 530 hughe
597 463 623 512 et
656 474 703 512 rex
732 460 896 515 Francorum

87 545 228 612 collocuti,
246 552 354 616 pactum
378 547 453 617 pacis
479 555 574 604 mutue
598 549 830 607 conhrmaverunt
848 571 854 616 ;
871 564 898 607 οι

88 638 221 695 Henricus
240 637 314 693 lilius
343 640 449 696 llenrici
467 643 541 714 regis
553 643 701 717 dnglorum
719 646 783 700 lecit
798 647 896 700 boma-

87 728 163 804 ginm
193 728 251 801 regi
278 727 442 782 Francorum
469 728 504 783 de
531 731 630 785 ducatu
654 732 831 797 Normannie,
850 734 895 805 qui

89 823 180 879 estde
203 838 290 895 regno
315 822 439 878 Francie.
467 824 564 879 Paucis
596 826 766 897 interpositis
787 828 896 893 diebus,

89 911 244 967 tadoneus
277 926 323 965 rex
360 910 525 966 Francorum
567 913 643 968 duxit
675 912 757 968 filiam
790 917 898 971 comitis

88 1004 240 1060 Theobaldi
252 1004 380 1059 senioris.
397 1005 452 1060 Nec
476 1021 551 1060 mora
572 1007 688 1061 ilenrico
716 1007 773 1064 tilio
789 1009 896 1065 lleurici

88 1096 162 1171 regis
172 1094 269 1170 duglie
296 1095 461 1166 desponsata
475 1105 517 1152 est
541 1099 615 1168 apnd
644 1099 748 1154 Novum
778 1102 896 1176 Burgum

88 1187 235 1258 Margarita
249 1186 306 1242 filia
322 1187 450 1243 ludovici
484 1189 556 1261 regis
581 1189 744 1246 Francorum
761 1210 767 1246 :
784 1201 811 1247 et
827 1193 898 1248 ilen-

89 1275 164 1331 ricus
179 1292 226 1331 rex
256 1276 353 1351 anglie
382 1276 455 1347 cepit
479 1277 529 1332 tria
557 1278 671 1332 castella
703 1278 897 1349 munitissima,

89 1366 196 1423 scilieet
220 1367 323 1434 Gisorz,
353 1365 497 1434 Nenlliam,
521 1368 625 1424 Nouum
660 1368 818 1436 Castellum,
846 1370 899 1424 sita

89 1473 176 1529 super
188 1457 291 1514 tlumen
306 1458 383 1530 Epte,
400 1459 427 1512 in
444 1458 564 1516 confinio
589 1461 755 1516 normannie
767 1471 795 1517 et
810 1461 897 1517 Fran-

90 1549 134 1607 cic
155 1551 245 1622 ;quia
266 1552 430 1625 pepigerant
458 1552 529 1607 inter
547 1569 577 1607 sc
600 1553 661 1624 ipse
674 1563 702 1608 et
717 1570 764 1609 rex
779 1555 898 1611 Franco·

526 243 698 301 thuoulcn.
723 276 755 284 -
775 245 966 304 nttchtullut
988 246 1128 306 nonnuli
1149 247 1190 301 DE
1210 245 1330 301 MONTE.

1697 246 1749 303 tul

911 372 1081 444 Acomitatu
1106 371 1273 446 ludegarie,
1304 372 1483 441 Cenomanis,
1507 375 1674 445 turonensi,
1704 397 1752 437 ca·

948 464 1037 527 stella,
1059 464 1217 519 mansiones
1230 464 1329 538 regias,
1345 466 1388 519 rel
1403 481 1473 522 nova
1483 466 1630 540 edificavit,
1644 470 1687 527 rel
1702 488 1753 527 vc·

948 566 1005 614 tera
1017 559 1183 614 emendavit.
1205 558 1348 613 Castellum
1364 560 1446 615 ctiam
1471 562 1498 615 in
1518 563 1591 630 xilla,
1608 582 1662 636 quc
1677 566 1751 622 dici-

949 656 993 702 tur
1023 648 1215 712 durandirilln,
1248 664 1333 718 super
1357 648 1420 703 Vire
1458 649 1569 705 flurium
1603 651 1751 709 edificavit.

949 736 1089 790 richardus
1104 737 1187 790 abbas
1212 736 1303 791 Sancti
1332 736 1447 791 Victoris
1481 739 1640 795 Parisiensis
1666 741 1754 797 iactus

948 837 989 881 est
1016 829 1162 898 episcopus
1206 828 1390 882 ¹abrincensis.
1441 829 1600 884 willermus
1625 832 1755 904 Anglicns

948 920 1024 988 prior
1038 919 1128 973 Sancti
1142 919 1247 974 llartini
1273 920 1307 975 de
1323 920 1443 991 Campis,
1465 921 1517 975 tuit
1536 922 1623 977 abbas
1639 924 1754 979 ecclesie

949 1008 1123 1062 llanresensis
1135 1009 1161 1062 in
1173 1008 1268 1081 dnglia
1284 1010 1327 1063 ⁰¹⁷.
1344 1011 1373 1063 ln
1398 1011 1487 1080 capite
1499 1010 1599 1079 jejunii
1620 1013 1693 1083 apud
1709 1013 1756 1068 Ce-

948 1112 1103 1152 nomannos
1125 1097 1201 1169 llugo
1233 1098 1458 1168 archiepiscopus
1487 1099 1614 1154 bolensis
1640 1101 1755 1156 cecitate

948 1191 1117 1257 debilitatus,
1140 1193 1317 1262 presentibus
1342 1194 1456 1249 ilenrico
1485 1211 1549 1268 rege
1565 1196 1713 1269 auglorum
1729 1205 1756 1252 et

948 1280 1057 1336 duobus
1074 1281 1172 1355 legatis
1188 1282 1309 1338 llomanc
1335 1281 1463 1350 ecclesie,
1488 1284 1605 1340 ilenrico
1631 1285 1665 1340 de
1685 1285 1756 1341 Pisis

949 1378 976 1426 et
990 1371 1140 1428 Guillermo
1155 1373 1190 1428 de
1202 1375 1293 1444 Papia,
1315 1379 1341 1428 ct
1349 1373 1754 1448 reddiditarchiepiscopatum,

949 1480 1032 1534 quern
1043 1467 1100 1522 iere
1116 1483 1166 1538 per
1180 1484 1229 1522 sex
1257 1482 1346 1522 annos
1370 1473 1506 1535 tenuerat,
1521 1475 1548 1523 et
1572 1468 1600 1523 in
1615 1469 1693 1538 cnjus
1706 1486 1755 1525 re·

950 1565 1093 1636 paratione
1113 1564 1261 1635 plurimum
1282 1562 1464 1620 laboraverat.
1489 1565 1518 1618 ln
1543 1563 1604 1632 ejus
1626 1565 1687 1620 loco
1702 1565 1757 1619 ibi·

91 1661 164 1713 rutu,
184 1647 315 1718 quatinus
342 1645 409 1701 inito
435 1646 612 1702 matrimonio
639 1645 760 1704 filiorum
786 1664 898 1705 suorum
914 1655 1013 1738 ssdcm
1029 1654 1134 1711 electus
1157 1654 1208 1711 luit
1221 1656 1356 1733 hogerius
1371 1658 1405 1712 de
1421 1656 1532 1721 llnmez,
1544 1657 1758 1714 archidiaconns

91 1753 139 1793 rex
155 1736 290 1793 Henricus
300 1738 414 1793 haberet
426 1738 487 1793 illas
502 1739 684 1807 munitiones,
700 1757 754 1812 que
768 1741 801 1796 nd
819 1741 900 1798 duca-

90 1837 150 1885 tum
168 1829 335 1885 Normannie
364 1831 513 1902 pertinent.
532 1833 590 1896 Quo
612 1832 707 1888 audito
727 1849 773 1889 rex
789 1832 902 1891 Frarrcie

90 1916 212 1991 graviter
226 1918 287 1973 tulit
303 1919 374 1988 ipse,
394 1927 423 1974 et
445 1920 542 1974 sororii
557 1920 611 1985 sui,
634 1921 740 1977 seilicet
755 1922 900 1990 henricus,

91 2009 256 2075 leobaldus,
278 2013 443 2084 Stephanus.
475 2014 577 2069 Exinde
609 2015 637 2069 hi
659 2024 714 2071 tres
729 2018 844 2073 comites
855 2033 901 2074 co-

92 2102 220 2158 adunatis
242 2104 346 2158 viribus
375 2106 432 2159 suis
445 2114 578 2177 ceperunt
594 2107 700 2163 firmare
716 2109 898 2165 munitionem

91 2195 165 2252 Calvi
180 2197 288 2263 Montis,
303 2214 357 2269 qne
370 2206 427 2253 crat
444 2200 477 2253 dc
500 2199 583 2255 sendo
609 2202 690 2256 castri
706 2202 854 2268 blesensis,
871 2210 901 2256 ut

91 2289 192 2343 exinde
218 2306 317 2363 pagum
347 2290 511 2345 Turonicnm
544 2292 715 2348 infestarent.
750 2295 804 2348 llex
835 2309 900 2348 xero

93 2383 236 2450 Esuriens,
266 2384 415 2457 quiaillud
445 2393 563 2440 castrum
592 2396 649 2441 erat
680 2389 714 2441 de
742 2396 900 2443 casamento

92 2471 215 2545 lingonis
228 2471 278 2526 tilii
303 2473 416 2542 Sulpicii
438 2474 471 2527 de
487 2474 625 2540 hrnbnzia,
643 2475 717 2545 quod
739 2475 850 2529 tenebat
867 2475 901 2529 dc

89 2564 191 2619 cernite
206 2562 374 2618 Teobaldo-
398 2571 581 2633 copulantem
596 2566 637 2618 sui
654 2566 778 2632 honoris,
796 2567 902 2621 seilicet

91 2650 260 2716 Ambonium,
277 2652 388 2706 tenebat
404 2652 437 2706 de
455 2670 518 2723 rege
549 2654 665 2708 ilenrico
680 2686 713 2693 -
728 2672 773 2708 rex
789 2655 900 2725 inquam

92 2739 226 2795 ilenricus
260 2747 388 2812 percepto
423 2741 524 2795 exinde
550 2743 661 2805 nuncio,
683 2743 901 2813 nonexpectalis

92 2832 174 2888 sotiis
193 2833 262 2899 sniS,
292 2833 357 2887 illuc
377 2835 546 2904 properavit,
572 2836 669 2889 rolens
685 2836 818 2906 impedire
832 2853 902 2907 opus

92 2923 168 2980 illins
182 2925 275 2994 castri,
293 2941 344 2995 per
360 2927 434 2996 qnod
451 2927 588 2991 licentius,
604 2928 626 2980 si
649 2927 801 2997 perlectum
817 2935 901 2995 essct,

91 3013 279 3069 discurrerent
308 3030 356 3084 per
383 3023 481 3068 terram
512 3032 603 3072 sunni.
627 3017 725 3071 Audito
745 3017 898 3070 auternnd-
913 3046 936 3112 (ι

89 3114 174 3163 ventu
189 3109 261 3182 regis
276 3109 371 3183 dugiic
382 3124 475 3163 comes
494 3110 631 3163 Tebaldns
648 3110 773 3165 discessit
787 3127 802 3165 a
818 3110 898 3166 Caluo
930 3089 937 3110 ⁴

89 3195 191 3263 blonte,
202 3197 309 3252 mnnita
324 3199 452 3252 tirmitate
463 3208 490 3253 et
505 3200 664 3254 custodibus
675 3200 826 3270 dispositis.
843 3201 897 3254 ilex

87 3303 153 3344 uero
183 3288 316 3343 llcnricns
342 3289 450 3344 obsedit
467 3292 621 3361 predictum
642 3300 771 3354 castrum,
791 3302 818 3346 el
835 3292 897 3347 ilico

89 3379 212 3450 oepit‚in
226 3397 281 3452 quo
298 3388 375 3435 erant
400 3381 510 3454 triginta
531 3383 654 3453 quinque
670 3383 771 3437 milites
787 3392 814 3438 et
830 3400 897 3454 qua·

87 3476 130 3526 ter
140 3470 235 3544 uiginti
260 3473 421 3536 servientes,
457 3481 483 3528 et
498 3474 618 3528 reddidit
633 3474 752 3528 eandem
767 3475 898 3529 munitio-

90 3578 153 3619 nem
172 3564 276 3638 llngoni
293 3564 328 3618 de
346 3565 484 3631 dmbaria,
503 3566 549 3636 qui
565 3566 744 3620 aversabatur
757 3582 898 3636 proposse

90 3666 142 3708 suo
156 3652 249 3707 comiti
260 3653 411 3720 Tedbaldo‚
427 3654 490 3725 quia
508 3654 534 3708 in
552 3670 662 3709 carcere
678 3655 794 3724 predicti
811 3656 898 3708 conri-

92 3740 128 3797 tis
142 3741 290 3813 Sulpicius
317 3744 403 3813 ipsius
421 3745 542 3819 lingonis
560 3755 648 3815 practer,
666 3746 794 3817 nequiter
809 3746 900 3799 extin-

91 3829 265 3887 ctnstuerat.
288 3832 391 3887 Exinde
420 3850 466 3887 rex
496 3833 629 3889 Henricus
653 3835 766 3890 munitis
782 3836 902 3891 turribus

93 3917 223 3973 ambazie
242 3927 270 3974 et
284 3919 377 3974 Fracte
394 3920 493 3987 Vallis,
520 3928 547 3974 ct
575 3922 717 3991 dispositis
729 3923 901 3989 custodibus,

93 4011 152 4086 egit
170 4011 270 4067 testum
295 4013 395 4067 natalis
409 4014 516 4069 [lonrini
542 4031 604 4068 curn
618 4014 729 4070 dlienor
744 4016 839 4090 regina
855 4016 904 4070 6ο-

92 4100 244 4156 nomannis
257 4102 302 4155 ⁶¹⁶.

93 4189 174 4245 alut.
209 4191 367 4245 Fredexicus
386 4191 428 4245 lo.
466 4194 618 4247 Lndooieus
646 4192 691 4247 bl.
732 4196 901 4250 iterabant.

952 1746 1118 1815 Bajocensis.
1146 1745 1356 1801 Bartholomeus
1368 1746 1580 1802 archidiaconus
1596 1746 1757 1803 Exoniensis

952 1834 1040 1889 lactus
1059 1841 1101 1888 cst
1130 1833 1278 1905 episcopus
1305 1834 1415 1889 Exonie.
1445 1834 1597 1890 hichardus
1612 1834 1756 1891 Peccatum

951 1923 1162 1979 archidiaconns
1178 1922 1329 1978 Cestrensis
1345 1922 1535 1994 exepiscopus
1566 1925 1692 1993 ejusdem
1712 1940 1758 1981 ec-

952 2015 1044 2071 clesie.
1059 2015 1213 2071 'leobaldus
1244 2015 1468 2086 archiepiscopus
1502 2015 1646 2071 Cantuarie
1659 2018 1676 2071 Ξ
1690 2016 1758 2072 teria

952 2109 1051 2178 pasche
1071 2108 1150 2163 obiit.
1165 2107 1231 2162 Post
1243 2107 1344 2177 paseha
1359 2122 1405 2160 rex
1420 2106 1567 2176 nnglorum
1586 2106 1718 2161 llenricus
1729 2113 1757 2162 et

952 2201 1291 2264 LndoricusFrancorurn,
1325 2199 1413 2270 primo
1439 2199 1467 2253 in
1482 2197 1629 2265 l'ileasino,
1660 2206 1756 2269 postea

952 2292 980 2346 in
993 2293 1112 2345 [tarnensi
1125 2308 1194 2364 pago
1211 2292 1294 2360 (637),
1311 2291 1459 2363 instigante
1479 2307 1527 2345 eos
1540 2290 1574 2344 ad
1590 2289 1755 2345 discordiam

952 2382 1052 2436 comite
1066 2381 1214 2447 leobaldo,
1230 2380 1404 2454 congregatis
1419 2379 1585 2434 exercitibus
1598 2379 1656 2432 suis
1668 2378 1755 2433 alter-

951 2479 1139 2527 ntrnmterrns
1158 2489 1222 2527 snas
1248 2470 1435 2533 cleicndendo,
1463 2469 1520 2524 iere
1545 2469 1572 2523 in
1601 2469 1757 2525 cornminus

952 2570 1096 2616 uenerunt.
1115 2562 1181 2616 lude
1198 2562 1268 2616 datis
1279 2561 1401 2615 induciis
1415 2567 1478 2630 post
1496 2557 1594 2613 testum
1608 2558 1695 2612 sancti
1707 2557 1757 2613 lo·

952 2651 1061 2715 hannis,
1079 2651 1211 2705 llcrrrieus
1225 2667 1270 2705 rex
1299 2649 1447 2720 dnglorum
1465 2647 1583 2718 perrexit
1598 2647 1624 2700 in
1640 2645 1755 2717 dquita-

952 2743 1037 2808 niam,
1053 2750 1079 2796 et
1092 2743 1164 2796 inter
1176 2743 1228 2796 alia
1244 2757 1298 2812 que
1330 2748 1444 2795 strenue
1459 2739 1554 2815 gessit,
1565 2738 1756 2794 Castellionem

952 2849 1034 2902 supra
1048 2832 1144 2885 urbem
1161 2833 1303 2904 agennum
1326 2830 1410 2899 (638).
1441 2839 1558 2884 castrum
1582 2828 1688 2884 scilicet
1707 2844 1758 2883 na·

953 2930 1053 2976 turaet
1073 2920 1188 2975 artilicio
1221 2920 1367 2985 munitum,
1391 2919 1510 2985 obsedit,
1538 2927 1567 2973 et
1591 2917 1757 2973 infrannam

952 3017 1133 3087 septimanam
1151 3016 1179 3070 in
1196 3015 1342 3070 festivitate
1368 3013 1601 3070 sanctiLaurentii
1616 3013 1757 3069 admiran-

949 3108 1023 3161 tibus
1038 3115 1063 3160 et
1081 3106 1235 3176 perterritis
1254 3105 1436 3160 lVasconibus
1458 3106 1541 3176 cepit.
1564 3105 1670 3179 Regina
1685 3105 1757 3160 dlic-

949 3211 1000 3249 nor
1026 3193 1097 3265 apud
1136 3192 1382 3248 [lonnumlrontem
1415 3192 1498 3247 filiam
1527 3194 1645 3264 peperit,
1674 3209 1756 3264 quam

950 3287 1082 3341 llenriens
1115 3284 1253 3354 presbiter
1275 3285 1424 3339 cardinalis
1453 3291 1480 3338 et
1508 3285 1616 3358 legatus
1635 3284 1758 3339 llomane

949 3374 1064 3430 ecclesie
1091 3372 1249 3443 lraptizarit,
1279 3383 1306 3426 et
1325 3373 1465 3426 dchardus
1493 3372 1640 3442 episcopus
1659 3371 1758 3425 Abrin—

949 3467 1050 3533 censis,
1067 3473 1094 3519 et
1120 3466 1257 3519 llobertus
1281 3465 1366 3518 abbas
1396 3465 1487 3519 Sancti
1504 3463 1643 3518 ltlichaelis
1659 3464 1693 3517 de
1709 3479 1758 3534 pc·

950 3559 1035 3613 riculo
1051 3558 1143 3618 maris,
1161 3572 1221 3610 curn
1250 3555 1310 3609 aliis
1332 3554 1437 3622 multis,
1466 3555 1501 3608 de
1534 3554 1609 3610 toute
1626 3570 1759 3625 suscepe-

950 3656 1027 3713 runt;
1045 3657 1072 3702 et
1091 3655 1185 3703 vocina
1209 3655 1249 3701 est
1268 3646 1380 3701 dlieuor
1409 3646 1442 3699 de
1461 3645 1573 3701 nomine
1588 3646 1684 3699 matris
1698 3661 1759 3701 sne.

952 3742 1097 3796 ‚llnuricius
1109 3740 1321 3795 archidiaconus
1350 3738 1512 3794 Parisiensis
1532 3737 1561 3793 ht
1573 3738 1697 3806 ejusdem
1713 3754 1759 3794 ec·

952 3831 1035 3886 clesie
1048 3831 1203 3901 episcopus.
1222 3831 1327 3884 llortno
1348 3829 1457 3883 lnbcllo
1474 3830 1508 3883 de
1531 3829 1675 3894 Meduana,
1696 3843 1759 3883 suc-

952 3924 1035 3978 cessit
1049 3922 1194 3977 Gaul'ridus
1210 3921 1282 3976 lilius
1316 3921 1393 3992 ejus,
1414 3921 1459 3976 hic
1481 3921 1559 3976 duxit
1574 3919 1658 3977 liliam
1674 3918 1761 3976 corni-

955 4016 1179 4073 mammam.

1026 4107 1104 4162 trun.
1252 4106 1296 4158 rt.
1459 4105 1506 4160 65.
1663 4105 1690 4159 8.

993 4199 1046 4253 ilex
1063 4198 1194 4253 llcnricns
1210 4197 1266 4270 egit
1290 4197 1459 4251 nativitatem
1484 4195 1592 4250 llomiui
1613 4195 1687 4265 apud
1712 4196 1761 4249 Ba-

133 4284 267 4341 Henricus
282 4302 329 4341 rex
350 4286 520 4341 munitiones
531 4287 640 4342 comitis
653 4287 775 4342 llelleuli
795 4296 821 4341 el
833 4288 904 4342 alio·
953 4292 1040 4359 jocas.
1054 4291 1144 4345 llense
1156 4290 1285 4344 ianuario
1306 4287 1451 4342 Ganlridns
1471 4288 1505 4340 de
1520 4287 1655 4341 Meduana
1670 4286 1761 4340 reddi-

95 4391 157 4431 rnm
173 4375 308 4431 baronum
323 4391 436 4431 snorum
463 4376 490 4429 in
507 4376 673 4432 Normannie
698 4377 725 4430 in
754 4392 836 4431 mann
857 4393 906 4431 sua
919 4363 945 4430 [l
957 4378 996 4431 dit
1012 4377 1128 4432 ilenrico
1154 4377 1211 4448 regi
1236 4377 1385 4450 anglorum
1414 4375 1593 4429 triacastella
1615 4389 1669 4446 quc
1686 4380 1764 4443 pater

95 4466 172 4539 cepit
185 4473 212 4522 et
240 4466 370 4524 fidelibus
394 4468 452 4522 suis
476 4468 680 4523 commendarit
720 4470 749 4522 ln
782 4468 906 4542 margine
958 4476 1018 4542 ejus
1035 4480 1162 4528 tenuerat
1177 4479 1238 4542 post
1263 4478 1376 4525 mortem
1409 4469 1517 4523 llenrici
1539 4469 1611 4540 repis
1631 4468 1761 4534 senioriS,

97 4559 181 4618 etiam
194 4562 309 4618 ducatus
331 4562 500 4618 Normannie
523 4562 579 4618 sere
603 4562 696 4617 omnia
715 4578 763 4617 sua
783 4563 905 4628 castella,
956 4559 1372 4627 scilicetGorran,drnbrcrias,
1403 4558 1507 4612 h'orum
1533 4564 1651 4612 castrum
1679 4574 1764 4628 snper

95 4660 124 4709 et
139 4652 256 4708 maxime
271 4652 375 4720 Gisorz,
399 4655 553 4710 melioravit
568 4655 609 4709 rel
621 4654 776 4717 renovarit,
794 4670 906 4724 parcum

95 4747 124 4798 et
139 4741 311 4797 mansionem
339 4743 443 4816 regiam
472 4743 539 4799 feeit
567 4744 640 4799 cirea
668 4743 754 4799 instes
770 4745 907 4815 plantatos

95 4832 171 4904 apud
183 4832 366 4900 chivilleium,
385 4835 463 4903 juxta
487 4835 698 4909 Rothomagum.
729 4835 843 4890 hornum
865 4835 907 4889 lc-

96 4941 243 4999 prosorum
271 4929 348 4995 jnxta
387 4929 536 4985 Cadumnm
565 4929 721 4985 mirabilem
756 4928 905 4984 edilicerit.

96 5020 193 5075 Aulam
220 5027 247 5075 et
275 5038 398 5077 cameras
426 5029 488 5077 ante
516 5031 619 5078 turrem
654 5023 906 5096 llothomagensem

96 5109 298 5165 nichilominus
314 5113 464 5167 renovavit.
481 5114 512 5168 Et
536 5128 591 5168 non
612 5113 701 5169 solnm
724 5112 753 5166 in
778 5111 911 5167 Norman-

97 5197 157 5267 nia,
172 5198 222 5253 sed
237 5199 320 5254 etiam
337 5199 366 5254 in
389 5216 476 5276 regno
504 5201 611 5275 anglie,
633 5202 733 5256 ducatu
754 5200 911 5272 aquitanie,

957 4653 1059 4708 fluxnen
1077 4651 1189 4705 colmie.
1216 4648 1317 4703 Eodem
1340 4662 1435 4701 mense
1460 4655 1564 4703 remoto
1590 4648 1718 4721 Aquilino
1730 4650 1763 4705 de

957 4743 1055 4799 Furnis
1069 4743 1103 4796 de
1119 4740 1231 4796 castello
1256 4738 1350 4793 Pontis
1374 4737 1497 4806 Ursorris,
1518 4741 1762 4811 quiadbrincaliui

957 4830 1200 4902 conquerebantur
1225 4828 1259 4882 de
1279 4828 1403 4898 eoquod
1431 4835 1518 4884 terras
1548 4845 1643 4885 eornm
1672 4829 1765 4883 nimiis

958 4921 1148 4978 exactionibus
1165 4926 1191 4974 et
1203 4918 1312 4987 injuriis
1323 4929 1459 4992 gravaret,
1486 4920 1618 4976 llenricns
1633 4937 1679 4974 rex
1690 4919 1763 4972 idem

957 5022 1077 5071 castrum
1090 5013 1123 5067 ad
1138 5021 1247 5082 tempus
1261 5012 1467 5068 commendarit
1488 5012 1607 5068 Robcrto
1622 5010 1714 5065 abbati
1731 5010 1765 5063 de

961 5105 1052 5159 hlonte
1076 5103 1119 5156 ⁶¹⁹.
1145 5101 1251 5156 llortuo
1280 5101 1428 5156 Sanctione
1458 5101 1527 5173 (639)
1558 5098 1766 5171 archiepiscopo

962 5195 1099 5252 hemensi.
1114 5195 1247 5250 ilenricns
1267 5193 1352 5248 irater
1372 5193 1445 5268 regis
1464 5194 1639 5260 Francorum,
1656 5191 1769 5264 episcoq

775 5295 886 5351 lellAE
897 5291 1086 5351 tnetlouns

134 5391 290 5448 ⁸¹⁸dblu‘no
305 5395 336 5450 in
357 5352 473 5450 linoae
486 5410 582 5450 manus
601 5394 719 5461 liuberti,
746 5398 777 5448 ut
805 5393 926 5452 uidetur.
949 5392 982 5427 ⁶¹⁷
1007 5388 1164 5445 willermus
1177 5420 1212 5431 —
1232 5389 1330 5462 Anglia
1358 5390 1454 5446 desum
1469 5385 1517 5455 8b,
1543 5387 1591 5442 8h.
1619 5387 1653 5423 ⁶¹⁸
1668 5378 1778 5447 blanci}

95 5462 158 5520 eius
170 5463 292 5520 ldellenti
308 5465 404 5522 desum
417 5465 464 5522 ab.
480 5467 527 5523 8b,
544 5467 578 5502 ⁶¹⁹
588 5465 683 5522 blense
698 5465 760 5521 lan.
774 5493 806 5506 -
819 5464 912 5523 bionte
924 5465 1018 5522 ἀοιιιιι)
1037 5461 1084 5517 ab.
1103 5461 1149 5516 8b,

887 5564 988 5635 nora,

823 5668 893 5741 (ιιι)
907 5668 993 5741 agen.

133 5663 208 5738 (637)
219 5662 255 5722 Le
270 5665 383 5724 bonois.
394 5666 468 5726 eirca
479 5667 605 5751 Orien-ns.

1250 5663 1324 5733 roas)
1341 5665 1484 5721 samsone.
