3720 6014
132 192 182 248 751
739 186 910 240 SlGEllEllTl
931 182 1182 240 GEllBthJENSlS.
1748 185 1804 240 uta

55 376 59 384 ,
131 323 199 375 erat.
225 320 318 370 Potens
337 319 395 367 erat
418 312 557 366 exhortari
583 313 611 366 iii
631 311 754 366 doctrino
773 318 798 367 et
824 318 935 367 contra·
952 316 974 383 ,t
989 318 1082 366 ctuum
1109 317 1258 382 proventus
1286 309 1441 366 alleviabat.
1468 309 1534 365 Cum
1560 324 1625 384 ergo
1644 309 1736 366 mults
1758 325 1809 380 per

131 409 255 465 dicentes
278 403 444 476 redarguere
472 402 532 474 (rit.
554 400 628 472 i,9);
663 402 728 473 quia
753 402 827 474 quod
859 403 940 458 doce·
991 399 1036 454 llei
1052 398 1169 473 gratiam
1189 404 1217 454 et
1244 415 1323 454 suam
1344 398 1508 452 industriam
1538 403 1723 463 restauraret;
1747 397 1811 452 haec

130 497 178 551 bat
195 491 288 558 verbo,
305 489 469 545 ostendebat
484 489 622 559 exemplo.
653 489 793 561 Praecepto
815 491 887 544 enim
912 494 940 543 et
990 502 1129 541 euroeam
1147 486 1321 541 remordebat
1341 485 1441 547 acrius,
1459 485 1533 557 quod
1554 485 1699 556 passiones
1714 485 1809 541 eccle·

130 583 258 654 exemplo
271 581 378 636 Domini
393 580 469 644 lesu,
484 580 548 651 quia
564 580 652 650 major
663 588 720 635 erat
730 581 864 646 omnium,
881 589 940 635 erat
990 582 1037 637 siae
1052 599 1108 637 sure
1123 599 1138 637 6
1160 581 1320 637 domesticis
1335 581 1460 637 hostibus
1476 589 1503 636 et
1528 580 1632 653 iniquis
1647 581 1813 653 raptoribus

130 677 252 734 omnium
279 693 374 733 servus
397 683 424 732 et
440 677 582 732 minister:
615 687 679 732 ante
708 678 801 733 omnia
827 677 940 733 indutus
990 671 1112 742 direptas
1133 670 1468 739 noverat,etmultojam
1487 669 1813 742 temporcabeeclesiae

130 774 304 823 amaturum
322 769 378 835 Dei,
392 766 551 822 succinctus
563 768 667 822 lambos
686 783 752 823 suos
767 771 797 823 iii
815 770 937 836 veritate,
990 765 1124 819 alienatas
1135 764 1196 834 jure
1211 763 1238 818 iii
1249 763 1295 832 jus
1306 763 1465 834 iniquorum
1482 762 1611 818 cessisse.

130 856 245 912 indutus
258 857 370 912 16666666
379 858 504 925 justitie,
528 855 665 911 calceatus
683 857 760 926 peiles
786 860 816 912 iii
835 872 940 927 proepu·
1024 856 1051 910 E.
1073 855 1128 910 lloc
1152 854 1285 911 accidisse
1311 854 1423 909 dolebat
1449 871 1480 910 ex
1510 863 1576 910 nota
1597 863 1760 928 temporum
1781 864 1811 911 et

129 944 489 1014 rotioervuiipcli'ipueii;
514 943 592 1017 galea
617 946 714 1001 solutis
729 953 756 1000 et
773 952 851 1001 scuto
875 943 940 1000 lidei
991 948 1248 1018 maiorumsuorum
1269 946 1454 1020 negligentia:
1483 954 1597 1002 einota
1628 954 1812 1019 temporum,

131 1044 159 1091 et
184 1034 277 1110 gladio
295 1037 416 1104 spiratus,
449 1036 518 1106 quod
542 1041 581 1091 est
604 1037 716 1092 verbum
734 1040 790 1104 Dei,
820 1036 941 1091 munitus
991 1037 1056 1108 quia
1069 1037 1201 1091 securitas
1221 1037 1347 1111 exlongo
1359 1035 1434 1107 pacis
1451 1035 1662 1090 otio'coutracta
1680 1036 1814 1091 multosa

132 1129 338 1185 confortabatur
363 1132 394 1183 iii
407 1132 518 1186 Domino
532 1136 557 1184 et
581 1133 611 1184 i'ii
627 1133 749 1201 potentia
763 1132 939 1200 virtutiejiis,
963 1134 969 1144 ’
990 1137 1117 1202 respectu
1140 1129 1227 1185 divini
1254 1130 1361 1185 timoris
1380 1135 1526 1196 averterat,
1548 1138 1575 1184 et
1595 1145 1626 1184 ex
1657 1146 1753 1184 rerum
1770 1126 1813 1184 al-

132 1224 162 1274 ul
172 1224 264 1290 posset
276 1223 348 1274 stare
361 1219 486 1274 adversus
499 1220 611 1274 insidias
635 1221 744 1279 diaboli.
758 1229 784 1273 et
800 1218 941 1277 debellare
992 1225 1107 1281 llueiitia
1122 1226 1270 1296 irrepserat
1285 1225 1421 1280 bonorum
1442 1239 1550 1280 morum
1577 1223 1764 1299 negligentia,
1786 1229 1813 1278 at

131 1311 288 1383 &Eulalia
315 1313 442 1380 nedum&
464 1314 495 1366 in
518 1312 665 1366 Coewlli'bul
689 1312 792 1382 (56686
822 1329 858 1379 Vh
883 1311 939 1382 10)·
992 1321 1163 1378 cessantibus
1183 1320 1305 1376 externis
1322 1318 1413 1386 bellis,
1438 1318 1580 1375 intestinis
1593 1318 1678 1373 bellis
1698 1318 1811 1374 animo·

133 1404 218 1469 Quem
234 1404 350 1476 urgebat
365 1402 496 1457 instanlia
512 1419 562 1458 ⁸11³
585 1403 757 1474 qUOlidilssai
784 1403 941 1459 §Olliclludo
992 1430 1052 1469 rum
1068 1412 1305 1483 periclitabantur.
1327 1411 1394 1466 lnde
1415 1410 1515 1481 passim
1544 1416 1640 1464 eontra
1655 1407 1810 1465 Ecclesiam

132 1505 237 1561 scilicet
250 1504 375 1560 omnium
391 1504 570 1559 ecclesiarum
594 1503 663 1558 iiihil
680 1504 788 1559 remissi
815 1504 941 1575 patieba-
993 1503 1038 1559 bei
1054 1502 1215 1557 dominante
1231 1499 1378 1569 injustitia,
1394 1514 1456 1571 quae
1471 1514 1581 1569 semper
1593 1498 1699 1569 primos
1715 1498 1807 1568 impe-

133 1601 189 1665 tur,
204 1596 310 1651 nullum
325 1595 416 1650 locum
432 1595 515 1652 dabat
530 1595 656 1662 desidiae,
672 1596 721 1650 sed
738 1602 818 1651 nocte
842 1612 873 1651 ac
897 1596 942 1652 die
993 1604 1038 1652 tus
1050 1596 1136 1651 exerit
1155 1595 1397 1652 contrabonorum
1418 1592 1617 1652 innocentiam.
1634 1607 1692 1647 uon
1713 1591 1808 1662 opitu-

132 1688 249 1743 salutem
275 1703 352 1742 suam
381 1687 556 1759 operabatur.
585 1687 736 1742 dttendens
760 1687 841 1742 ctiam
868 1688 942 1759 quod
994 1688 1239 1744 labaturEcclesiae
1251 1682 1811 1756 lloialicujusjustitia,nullaeiprinoi-

132 1778 205 1834 Deus
228 1795 279 1850 per
294 1779 465 1835 Ezechielem
481 1779 643 1851 prophetam
658 1778 842 1835 comminetur
856 1786 946 1851 pasto·
995 1801 1060 1855 pum
1075 1780 1300 1854 patrocinabatur
1316 1780 1448 1851 potentia.
1478 1777 1526 1834 llic
1538 1777 1618 1833 dolor
1633 1794 1690 1833 non
1708 1793 1810 1848 parvus

135 1870 222 1939 ribus,
237 1874 444 1942 quiscmctipsos
458 1878 485 1927 et
496 1874 702 1941 iioiirapemllei
713 1870 943 1943 poscuottbeccli.
994 1875 1156 1931 'theodardo
1176 1872 1285 1945 praesuli
1314 1869 1506 1937 incumbebat,
1533 1869 1742 1939 Traiectensem
1759 1869 1810 1924 Ec-

134 1963 281 2031 666626
299 1962 431 2034 pascebat
457 1979 570 2038 gregem
597 1962 645 2018 Dei
669 1963 821 2019 seeundum
847 1963 944 2028 lteiim,
994 1964 1105 2020 alesiam
1133 1978 1255 2034 magna,
1277 1959 1484 2032 possessionum
1514 1975 1626 2014 suarum
1652 1957 1807 2029 quantitate

134 2069 189 2110 non
204 2053 293 2126 turpis
304 2054 374 2111 lucri
390 2055 487 2131 gratia,
515 2056 564 2111 sed
584 2055 756 2111 voluntarie:
778 2071 833 2110 iion
854 2052 943 2110 domi·
993 2069 1054 2109 esse
1074 2052 1237 2114 mutilatam,
1258 2058 1286 2104 ot
1299 2065 1349 2120 per
1368 2047 1480 2122 triginta
1509 2046 1621 2103 circiter
1636 2062 1729 2102 annos
1744 2046 1807 2103 nul-

133 2144 248 2199 neusin
278 2145 352 2200 clero
372 2144 525 2201 sedforma
552 2143 640 2199 iactus
668 2144 761 2219 gregis
785 2160 817 2199 ex
848 2143 942 2199 animo
992 2148 1048 2202 lum
1060 2162 1110 2218 pro
1125 2145 1252 2201 Ecclesiae
1268 2144 1391 2213 Deijure
1405 2159 1574 2216 repugnasse
1589 2141 1633 2198 vel
1647 2141 1746 2197 saltem
1762 2159 1808 2198 re-

132 2235 296 2307 (tPetr.ii):
315 2241 420 2293 tuoum
447 2235 555 2292 veniret
578 2242 941 2307 princepspastorumper·
991 2240 1136 2294 clamasse.
1165 2237 1308 2292 Amandus
1327 2235 1413 2303 enim,
1440 2235 1520 2304 cujus
1547 2233 1680 2290 sanctitas
1711 2235 1809 2306 paucis

132 2327 239 2399 ciperet
253 2325 513 2383 immarcescibilem
529 2326 625 2401 gloriae
639 2342 778 2382 coronam.
991 2329 1097 2385 landari
1113 2343 1168 2384 non
1189 2328 1283 2394 debet,
1299 2343 1349 2398 pro
1363 2343 1396 2382 66
1412 2326 1486 2399 quod
1505 2341 1598 2400 regem
1624 2325 1805 2401 sigebertum

452 2435 556 2492 ggpgp
575 2437 608 2492 ῃΙ
991 2417 1139 2488 baptizavit
1152 2422 1179 2473 et
1193 2416 1228 2472 de
1257 2415 1331 2471 tonte
1359 2415 1493 2486 suscepit,
1514 2420 1626 2471 coactus
1656 2420 1698 2470 est
1717 2414 1809 2482 Dago-

130 2531 280 2586 Μίνως,
297 2530 488 2597 gumbertum
535 2545 564 2586 νο
576 2530 733 2598 ,oeppmg
756 2529 834 2584 rapu,
860 2530 941 2585 mle,
992 2508 1062 2564 berti
1077 2509 1149 2584 regis
1164 2508 1292 2580 precihus
1310 2516 1350 2575 ut,
1364 2507 1491 2562 Johanne
1510 2506 1642 2577 episcopo
1658 2505 1806 2572 defuncto,

164 2603 280 2656 siastioi's
293 2615 382 2670 repam
398 2601 474 2666 adit,·
496 2546 534 2654 αἴ
549 2604 649 2670 iniciis
674 2616 770 2656 aarum
788 2603 939 2669 possessori·
991 2598 1180 2669 episcopatum
1201 2597 1403 2667 trajectensem
1429 2595 1591 2666 susciperet
1609 2594 1676 2660 Sed,
1698 2595 1806 2650 irruen-

166 2672 214 2728 663
226 2675 358 2741 ”willirih
377 2672 513 2738 afficitur·
992 2689 1064 2744 tibus
1076 2688 1199 2759 undique
1218 2688 1246 2741 in
1263 2687 1391 2742 Ecclesiae
1412 2687 1502 2742 navim
1520 2692 1717 2757 tempestatum
1740 2704 1806 2758 pro-

164 2783 192 2838 7.
206 2770 366 2838 lambertus
378 2781 459 2838 bonae
472 2780 574 2836 indolis
583 2781 635 2836 hoc
653 2786 777 2852 tempore
789 2781 816 2836 in
832 2781 933 2838 bonam
987 2779 1082 2852 collis,
1095 2779 1219 2853 cogitans
1234 2779 1309 2851 quod
1323 2779 1361 2835 ait
1376 2778 1533 2850 Apostolus,
1554 2779 1619 2850 quia
1632 2794 1713 2835 nemo
1730 2783 1803 2835 6666·-

128 2887 206 2942 spem
219 2870 404 2939 adolescebat,
417 2886 498 2942 quem
508 2876 586 2940 pater
601 2870 661 2939 ejus
673 2869 714 2923 vir
727 2869 933 2925 illustrissimus
987 2873 1050 2927 tuiis
1075 2876 1125 2927 Deo
1138 2872 1259 2941 implicat
1284 2886 1312 2928 ac
1338 2874 1451 2941 negotiis
1470 2871 1646 2927 secularibus
1670 2870 1708 2941 (ll
1736 2875 1794 2927 Tim

128 2959 200 3031 Aper
219 2960 395 3015 commiserat
407 2959 465 3014 viro
479 2958 526 3013 Dei
548 2957 704 3013 Landoaldo
720 2959 810 3029 (986),
834 2960 936 3015 Amen·
969 2980 1016 3031 ,ii,
1032 2965 1069 3031 dt,
1095 2972 1156 3036 post
1177 2964 1338 3029 triennium,
1359 2963 1521 3033 episcopatu
1547 2961 1656 3029 relicto,
1693 2963 1722 3018 iii
1742 2979 1807 3035 por·

127 3046 155 3101 dl
175 3046 299 3118 θΡῖῦθθΡῑ
316 3046 566 3118 archipresbytero,
588 3053 617 3101 1¹²
636 3046 697 3114 elus
715 3046 836 3117 Ρῦθῐῑῐθθ
848 3064 936 3104 annos
963 3063 1043 3112 ‘tum
1057 3064 1156 3128 optat-ie
1170 3057 1272 3128 quietis
1286 3073 1316 3112 se
1331 3056 1445 3127 recepit.
1467 3055 1548 3124 Cujus
1569 3054 1645 3112 vices
1657 3055 1803 3112 Landosi-

127 3133 273 3205 disciplina
287 3134 406 3208 regulari
419 3141 446 3190 et
461 3134 588 3189 doctrina
601 3133 708 3188 liberali
724 3134 868 3192 imbueret.
886 3138 936 3192 Pa·
986 3147 1038 3202 dus
1051 3146 1273 3218 archipresbyter
1300 3161 1367 3201 suus
1383 3152 1538 3215 opportune
1566 3161 1615 3215 per
1639 3160 1741 3200 novem
1757 3163 1808 3202 an.

125 3231 167 3282 ter
185 3225 408 3301 gaudenssilinm
434 3225 600 3281 rudimentis
614 3226 756 3300 utriusque
780 3228 935 3287 seientiaea
985 3251 1036 3291 nos
1051 3244 1207 3301 exsecutus,
1224 3251 1273 3306 pro
1289 3233 1407 3291 ecclesia
1432 3242 1504 3289 stare
1529 3249 1585 3289 nou
1609 3234 1712 3305 potuit,
1736 3237 1804 3307 quia

125 3319 284 3376 Landoaldo
298 3320 332 3375 ad
360 3328 452 3376 votum
473 3337 552 3377 suum
576 3336 636 3376 esse
652 3321 800 3389 initiatum,
819 3325 934 3380 commi·
987 3327 1056 3381 nihil
1071 3324 1459 3397 pontificalisJ'urisbabebat.
1477 3324 1512 3377 Eu
1528 3322 1622 3379 omnia
1638 3323 1802 3394 raptoribus

123 3411 230 3469 sitaum
246 3413 329 3468 etiam
344 3413 497 3469 Theodardi
512 3413 684 3489 magisterio,
702 3422 734 3470 ut
748 3432 803 3488 quo
816 3418 935 3490 amplius
986 3413 1186 3486 opportuniora
1212 3419 1298 3469 erant.
1316 3414 1353 3468 llo
1370 3412 1510 3476 hemardo,
1526 3411 1593 3484 quia
1619 3427 1675 3467 non
1696 3420 1802 3483 potue·

124 3504 159 3560 de
174 3503 324 3559 multorum
340 3504 462 3560 hauriret
481 3505 608 3571 seientia,
624 3521 657 3561 eo
671 3500 798 3578 ampliori
818 3509 935 3580 profice·
987 3514 1027 3560 rat
1041 3503 1153 3560 brachia
1173 3503 1288 3559 tendere
1307 3508 1403 3558 contra
1422 3507 1574 3556 torrentem
1601 3500 1800 3557 inundantium

122 3598 164 3649 ret
177 3593 274 3666 gratia.
292 3593 414 3659 Qualiter
427 3604 570 3667 argentum
586 3596 758 3663 melioratur,
773 3600 885 3670 quando
899 3601 933 3655 ab
985 3597 1130 3663 malorum,
1146 3594 1325 3651 Theodardus
1339 3594 1397 3649 suis
1416 3593 1504 3648 oeulis
1527 3600 1555 3648 et
1570 3593 1684 3648 auribus
1698 3593 1799 3649 crede·

122 3681 234 3738 aurifice
249 3683 406 3751 deauratur,
437 3684 529 3740 taliter
549 3685 710 3742 humbertus
737 3689 869 3744 naturalis
885 3691 931 3744 in·
983 3684 1031 3740 bat
1049 3685 1130 3754 l98ssl·
1152 3685 1213 3755 lpse
1233 3691 1361 3754 suscepto
1396 3682 1545 3737 D0ffll¹¹i⁰ae
1578 3680 1658 3736 ”alis
1688 3681 1797 3756 guber·

122 3770 198 3845 genii
224 3778 339 3845 argento
365 3772 560 3842 resplendens,
580 3773 644 3828 dum
665 3789 697 3829 ex
725 3775 819 3831 addito
844 3777 931 3832 Theo·
983 3774 1092 3839 noculo,
1107 3771 1299 3827 inconstantiae
1315 3778 1408 3826 notam
1419 3769 1542 3837 timebat,
1557 3768 1580 3824 si
1595 3769 1730 3841 periculis
1746 3769 1796 3826 im-

123 3857 201 3911 dardi
226 3858 387 3932 magisterio
402 3859 574 3926 melioratur,
591 3862 669 3931 quasi
697 3878 732 3917 ex
757 3866 931 3935 superposita
983 3865 1080 3937 pulsus
1100 3865 1160 3919 loeo
1178 3863 1299 3918 cederet.
1615 3859 1626 3872 '

122 3947 182 4002 auri
197 3948 443 4018 materiaamplius
463 3949 618 4007 decoratur.
641 3951 858 4008 Theodardusin
883 3972 929 4011 se·
1015 3957 1031 4010 9
1061 3956 1100 4010 Ne
1115 3970 1181 4027 ergo
1202 3954 1309 4008 diutina
1331 3951 1476 4022 injustitiae
1499 3951 1648 4024 impunitas
1671 3952 1793 4024 amplius

123 4037 185 4109 ipso
201 4045 340 4108 expertus,
351 4043 480 4109 quoniam
498 4043 670 4112 diligentibus
682 4049 766 4099 Deum
780 4049 872 4101 omniu
886 4064 930 4104 co·
979 4046 1152 4110 inolesceret,
1169 4043 1287 4099 accinxit
1301 4058 1331 4098 se
1346 4041 1463 4099 viriliter
1479 4050 1507 4097 et
1526 4048 1601 4097 stans
1620 4056 1671 4112 pro
1694 4045 1793 4099 castris

122 4134 271 4198 opacatur
285 4145 315 4183 iii
328 4129 428 4184 bonam
441 4129 524 4201 (6666.
541 4147 599 4199 iiii,
612 4131 670 4204 28),
684 4126 822 4206 gaudebat
837 4137 929 4192 omnia
978 4136 1103 4192 ecelesiae
1117 4137 1235 4191 clamare
1250 4149 1306 4189 non
1321 4132 1462 4189 cessabat:
1479 4133 1560 4205 quasi
1583 4132 1649 4188 tuba
1665 4135 1792 4190 exaltans

122 4232 253 4289 prospere
268 4217 321 4273 sibi
346 4219 457 4285 cedere.
473 4228 502 4276 et
516 4220 639 4277 laborem
654 4238 735 4278 suum
760 4223 851 4280 bonus
870 4224 929 4282 fru-
978 4246 1073 4287 uocem
1089 4245 1166 4285 suam
1191 4227 1373 4285 annuntiabat
1392 4227 1494 4300 populo
1517 4226 1623 4282 scelera
1639 4242 1748 4296 eorum,
1763 4236 1792 4284 et

936 4307 965 4377 D

156 4386 229 4455 (985)
246 4386 324 4443 ¹¹1¹ssss
341 4395 467 4445 lancium
482 4388 610 4445 dedimus
625 4391 659 4445 ad
678 4391 710 4446 19
725 4390 822 4448 llarli‘t·
976 4399 1084 4474 goberti
1112 4400 1194 4474 regis,
1215 4398 1366 4464 6666668,
1394 4396 1494 4453 mortui
1519 4395 1663 4467 prescibus
1689 4412 1788 4453 susee-

155 4458 440 4540 (98tilll'ocflnumero
468 4474 523 4516 non
548 4462 636 4516 solum
666 4462 743 4529 lalsa,
768 4465 816 4519 sed
843 4465 925 4521 etiam
996 4481 1062 4526 tum.
1081 4471 1158 4526 Certo
1178 4471 1245 4525 falsa
1262 4471 1321 4525 haec
1333 4474 1411 4524 sunt:
1428 4484 1489 4523 nam
1504 4467 1530 4521 S.
1548 4466 1695 4523 Remaolus
1712 4484 1789 4526 anuo

119 4536 222 4610 sanctis
236 4546 369 4601 injuriosa
384 4532 510 4587 obtrudit
528 4532 690 4606 Sigebertus
710 4534 925 4593 Gemblacensis.
1042 4542 1085 4599 ret
1104 4559 1162 4614 seq.
1181 4542 1305 4613 proxime
1334 4540 1468 4595 successit
1496 4537 1523 4592 S.
1544 4538 1680 4607 emanue,
1702 4556 1788 4611 quein

118 4597 245 4680 poluisse
261 4601 299 4656 ait
312 4600 339 4656 S.
354 4602 558 4684 Theodardum,
573 4604 647 4675 quod
668 4607 766 4675 partim
795 4623 926 4665 666666-
976 4624 1093 4668 exeunte
1121 4628 1194 4668 anno
1215 4612 1268 4667 6t9
1293 4612 1399 4667 sedisse
1426 4616 1542 4677 constat,
1571 4610 1788 4681 nequediutius

115 4682 208 4737 J⁰s¹¹¹¹¹
233 4686 349 4751 ,⁸¹¹⁰fflm
364 4673 561 4757 fleghtiesslifl’
585 4675 724 4742 acciderit,
745 4684 775 4732 ul
798 4694 923 4752 magnam
975 4701 1055 4755 quam
1078 4685 1196 4755 fereper
1210 4683 1357 4738 triennium
1374 4682 1461 4737 subS.
1474 4680 1618 4752 Sigeberto
1629 4697 1694 4765 rege
1710 4698 1785 4754 pras·

118 4754 325 4822 posscssionum
355 4759 465 4799 suarum
492 4753 626 4816 iacturam
657 4745 753 4803 feeerit
775 4756 802 4803 et
830 4752 924 4807 multis
974 4754 1067 4810 luisse.
1087 4755 1231 4810 lneodem
1252 4771 1328 4808 num.
1353 4754 1388 4809 Ei
1408 4761 1436 4809 et
1463 4767 1544 4823 seqq.
1561 4751 1688 4822 probavi,
1710 4769 1786 4811 anuo

116 4825 203 4892 ⁸.¹¹¹¹¹⁸.
211 4812 305 4894 tulerit
324 4813 445 4895 Ecclesia
458 4816 649 4887 Traiectensis.
670 4817 728 4883 Quo
743 4835 807 4874 vero
823 4821 924 4877 ‹tillict-
973 4826 1026 4881 668
1037 4829 1079 4882 vel
1099 4828 1152 4883 669
1168 4841 1278 4897 passum
1288 4824 1374 4880 luisse
1389 4823 1416 4878 S.
1433 4823 1636 4891 Theodardum,
1652 4824 1730 4895 quod
1743 4825 1788 4880 Si·

117 4881 171 4936 lius
196 4884 346 5009 intelligas,
370 4885 433 4966 illos
449 4888 529 4969 culpa
553 4889 628 4943 omni
642 4904 765 4956 vacasse,
787 4890 921 4948 bonorum
972 4898 1103 4971 gobertus
1119 4898 1146 4952 in
1162 4897 1296 4952 Chronico
1310 4911 1454 4967 perperam
1475 4909 1548 4949 6666
1562 4894 1615 4950 668
1629 4895 1706 4950 coriti
1729 4897 1785 4952 isse

114 4967 255 5034 sacrorum
271 4959 694 5041 66666666661666666666666
714 4959 799 5016 fuisse
822 4979 923 5035 suppo·
972 4970 1071 5024 asserit
1099 4969 1162 5023 Tam
1178 4969 1314 5023 innostra
1331 4983 1413 5039 quani
1432 4967 1458 5021 in
1474 4965 1628 5021 aberrantis
1647 4912 1784 5040 8665666-

115 5030 164 5091 nit,
185 5036 212 5080 et
226 5032 317 5109 tamen
340 5043 427 5109 nuper
440 5035 552 5103 triginta
568 5037 675 5086 circiter
700 5035 920 5099 annos,nullum
972 5039 992 5093 ti
1006 5041 1146 5095 sententia
1173 5039 1208 5096 30
1233 5039 1369 5094 anninon
1398 5037 1567 5094 effluxerunt
1590 5036 1663 5092 inter
1692 5039 1783 5096 sancti

113 5090 163 5164 pho
178 5097 307 5154 Ecclesiae
323 5099 369 5153 [tei
386 5115 451 5180 ¹Jure
466 5117 636 5172 repugnasse
655 5103 698 5156 vel
721 5104 817 5158 saltem
834 5107 921 5162 recla-
971 5110 1059 5166 nostri
1076 5110 1235 5167 martvrium
1249 5120 1277 5165 et
1288 5109 1393 5166 obitum
1406 5110 1432 5165 S.
1447 5108 1580 5165 lobannis
1593 5107 1673 5180 hgni.
1688 5109 1784 5182 ltaque

112 5181 231 5223 masse·
260 5175 432 5253 pronuntiat.
453 5171 547 5227 rania
566 5171 796 5252 dissimulationis
811 5191 920 5247 causas,
970 5187 997 5235 et
1025 5168 1278 5256 hieadju'ngendus
1305 5186 1347 5236 est
1377 5181 1424 5235 SS.
1448 5178 1570 5235 hmaudo
1591 5187 1618 5233 et
1637 5178 1781 5249 Remaclo,

112 5251 181 5320 quas
205 5241 359 5366 subjunge,
386 5255 442 5296 non
470 5257 580 5324 omnem
598 5251 719 5326 penitus,
731 5255 769 5325 'ut
789 5249 919 5305 conside·
960 5267 1084 5323 ,quorum
1097 5253 1274 5327 negligentiae
1287 5250 1434 5324 nimiaeque
1454 5249 1669 5306 dissimulationi
1685 5260 1781 5324 aperte

111 5315 181 5389 raiih
198 5320 284 5394 patet,
305 5329 320 5366 6
341 5319 466 5385 stergunt
479 5312 654 5396 negligentiae
670 5330 818 5388 nimieque
834 5319 918 5375 animi
969 5322 1085 5394 imputat
1104 5324 1176 5378 idem
1196 5324 1364 5398 Sigebartus,
1386 5323 1460 5396 quod
1481 5324 1507 5377 S.
1528 5320 1710 5377 theodardus
1731 5338 1781 5380 eo·

110 5375 435 5462 deiectionismaculam,
456 5400 538 5465 quam
559 5400 641 5510 §mus
654 5384 681 5438 S.
699 5385 853 5443 Theodardi
867 5392 918 5446 da·
968 5394 1082 5449 clesiam
1098 5394 1416 5471 magnapossessionum
1448 5401 1524 5477 parte
1542 5391 1688 5462 spoliatam
1704 5394 1782 5450 inre·

109 5451 264 5508 cessoribus
289 5463 452 5523 asperserat.
484 5455 530 5510 llis
580 5502 584 5510 .
614 5455 808 5537 'landoaldum
829 5463 918 5518 archi·
968 5467 1050 5521 norit.
1080 5469 1111 5522 ht
1133 5467 1208 5521 unde
1230 5472 1326 5521 auctor
1350 5466 1401 5520 iste
1428 5465 1534 5531 didicit,
1563 5462 1591 5516 id
1619 5467 1781 5522 memoratis

107 5518 299 5590 Pfflssbilefflm
311 5595 317 5605 ,
329 5531 466 5607 melliti,
494 5543 576 5609 quein
595 5542 724 5581 vicariam
749 5545 797 5597 per
821 5548 916 5590 666666
967 5537 1069 5592 sanctis
1085 5538 1178 5608 episco
1200 5536 1222 5592 is
1243 5537 1308 5593 vitio
1336 5537 1458 5592 dandum
1475 5537 1557 5592 esse?
1577 5533 1655 5589 Certe
1671 5552 1779 5610 anony-

107 5603 193 5645 uanos
216 5592 344 5650 Ecclesiae
370 5595 552 5664 trajectensis
580 5613 673 5653 curam
714 5600 832 5670 gessisse
864 5605 912 5674 sit,
962 5623 1026 5662 mus
1041 5609 1107 5664 Vitae
1123 5609 1150 5664 S.
1188 5607 1318 5665 beodardi
1337 5609 1453 5679 scriptor
1471 5606 1542 5663 nibil
1563 5604 1780 5681 habeamque

102 5667 252 5732 postquam
268 5665 296 5721 S.
317 5665 457 5724 Amandus
471 5668 626 5727 abdicasset
644 5668 844 5740 episcopatum.
861 5676 912 5732 lla·
963 5678 1031 5735 illud
1045 5679 1159 5736 extundi
1184 5680 1280 5750 possit.
1305 5698 1319 5732 i
1341 5679 1387 5734 llis
1415 5679 1553 5746 omuibus,
1574 5675 1668 5749 inquit
1692 5694 1779 5753 supn
