<?xml version="1.0" encoding="UTF-8"?>
<!DOCTYPE html PUBLIC "-//W3C//DTD XHTML 1.0 Transitional//EN"
    "http://www.w3.org/TR/xhtml1/DTD/xhtml1-transitional.dtd">
<html xmlns="http://www.w3.org/1999/xhtml" xml:lang="en" lang="en">
 <head>
  <title>
</title>
<meta http-equiv="Content-Type" content="text/html;charset=utf-8" />
  <meta name='ocr-system' content='tesseract 3.04.00' />
  <meta name='ocr-capabilities' content='ocr_page ocr_carea ocr_par ocr_line ocrx_word'/>
</head>
<body>
  <div class='ocr_page' id='page_1' title='image "./patrologiaecurs69unkngoog_0318.png"; bbox 0 0 3720 6014; ppageno 0'>
   <div class='ocr_carea' id='block_1_1' title="bbox 56 261 1729 324">
    <p class='ocr_par' dir='ltr' id='par_1_1' title="bbox 56 261 1729 324">
     <span class='ocr_line' id='line_1_1' title="bbox 56 261 1729 324; baseline 0.001 -1"><span class='ocrx_word' id='word_1_1' title='bbox 56 267 114 323; x_wconf 71' lang='lat'><strong>625</strong></span> <span class='ocrx_word' id='word_1_2' title='bbox 591 263 695 321; x_wconf 67' lang='lat' dir='ltr'><strong>altstat</strong></span> <span class='ocrx_word' id='word_1_3' title='bbox 717 261 872 320; x_wconf 74' lang='lat' dir='ltr'><strong>hBBATUld</strong></span> <span class='ocrx_word' id='word_1_4' title='bbox 893 261 1179 320; x_wconf 78' lang='lat' dir='ltr'><strong>cauattcaustutt.</strong></span> <span class='ocrx_word' id='word_1_5' title='bbox 1675 266 1729 324; x_wconf 75' lang='lat'><strong>626</strong></span> 
     </span>
    </p>
   </div>
   <div class='ocr_carea' id='block_1_2' title="bbox 55 390 1763 3029">
    <p class='ocr_par' dir='ltr' id='par_1_2' title="bbox 55 390 1731 835">
     <span class='ocr_line' id='line_1_2' title="bbox 55 390 1730 467; baseline -0.001 -16"><span class='ocrx_word' id='word_1_6' title='bbox 55 402 90 451; x_wconf 76' lang='lat' dir='ltr'><strong>“er</strong></span> <span class='ocrx_word' id='word_1_7' title='bbox 118 392 210 466; x_wconf 88' lang='lat' dir='ltr'><strong>palliis</strong></span> <span class='ocrx_word' id='word_1_8' title='bbox 232 393 328 448; x_wconf 86' lang='lat' dir='ltr'><strong>decern</strong></span> <span class='ocrx_word' id='word_1_9' title='bbox 344 398 372 448; x_wconf 90' lang='lat' dir='ltr'><strong>et</strong></span> <span class='ocrx_word' id='word_1_10' title='bbox 393 397 474 460; x_wconf 85' lang='lat' dir='ltr'><strong>octo3</strong></span> <span class='ocrx_word' id='word_1_11' title='bbox 495 392 602 448; x_wconf 88' lang='lat' dir='ltr'><strong>casulas</strong></span> <span class='ocrx_word' id='word_1_12' title='bbox 625 392 789 458; x_wconf 82' lang='lat' dir='ltr'><strong>duodecim3</strong></span> <span class='ocrx_word' id='word_1_13' title='bbox 805 391 867 446; x_wconf 88' lang='lat' dir='ltr'><strong>dia·</strong></span> <span class='ocrx_word' id='word_1_14' title='bbox 880 392 907 461; x_wconf 74' lang='grc' dir='ltr'><strong>Α</strong></span> <span class='ocrx_word' id='word_1_15' title='bbox 920 398 1030 447; x_wconf 88' lang='lat' dir='ltr'><strong>cautum</strong></span> <span class='ocrx_word' id='word_1_16' title='bbox 1045 391 1128 447; x_wconf 89' lang='lat' dir='ltr'><strong>etiam</strong></span> <span class='ocrx_word' id='word_1_17' title='bbox 1144 392 1178 447; x_wconf 91' lang='lat' dir='ltr'><strong>de</strong></span> <span class='ocrx_word' id='word_1_18' title='bbox 1192 407 1225 448; x_wconf 89' lang='lat' dir='ltr'><strong>eo</strong></span> <span class='ocrx_word' id='word_1_19' title='bbox 1240 390 1418 460; x_wconf 82' lang='lat' dir='ltr'><strong>modificavit,</strong></span> <span class='ocrx_word' id='word_1_20' title='bbox 1438 393 1604 465; x_wconf 77' lang='lat' dir='ltr'>antiphonas</span> <span class='ocrx_word' id='word_1_21' title='bbox 1619 408 1730 467; x_wconf 90' lang='lat' dir='ltr'><strong>qnoque</strong></span> 
     </span>
     <span class='ocr_line' id='line_1_3' title="bbox 57 480 1731 561; baseline -0.006 -14"><span class='ocrx_word' id='word_1_22' title='bbox 57 489 167 547; x_wconf 87' lang='lat' dir='ltr'><strong>conalia</strong></span> <span class='ocrx_word' id='word_1_23' title='bbox 190 489 261 554; x_wconf 88' lang='lat' dir='ltr'><strong>duo;</strong></span> <span class='ocrx_word' id='word_1_24' title='bbox 291 487 499 544; x_wconf 76' lang='lat' dir='ltr'><strong>subdiaconalia</strong></span> <span class='ocrx_word' id='word_1_25' title='bbox 529 496 674 561; x_wconf 78' lang='lat' dir='ltr'><strong>quattuor3</strong></span> <span class='ocrx_word' id='word_1_26' title='bbox 702 488 789 556; x_wconf 90' lang='lat' dir='ltr'><strong>albas,</strong></span> <span class='ocrx_word' id='word_1_27' title='bbox 816 492 871 542; x_wconf 84' lang='lat' dir='ltr'><strong>sto·</strong></span> <span class='ocrx_word' id='word_1_28' title='bbox 922 495 1006 551; x_wconf 88' lang='lat' dir='ltr'><strong>super</strong></span> <span class='ocrx_word' id='word_1_29' title='bbox 1018 481 1195 536; x_wconf 90' lang='lat' dir='ltr'><strong>matutinales</strong></span> <span class='ocrx_word' id='word_1_30' title='bbox 1209 480 1305 536; x_wconf 87' lang='lat' dir='ltr'><strong>laudes</strong></span> <span class='ocrx_word' id='word_1_31' title='bbox 1317 480 1346 534; x_wconf 95' lang='lat' dir='ltr'><strong>in</strong></span> <span class='ocrx_word' id='word_1_32' title='bbox 1362 481 1477 537; x_wconf 91' lang='lat' dir='ltr'><strong>transitu</strong></span> <span class='ocrx_word' id='word_1_33' title='bbox 1496 488 1600 537; x_wconf 87' lang='lat' dir='ltr'><strong>sauctae</strong></span> <span class='ocrx_word' id='word_1_34' title='bbox 1619 480 1731 537; x_wconf 87' lang='lat' dir='ltr'><strong>Walde-</strong></span> 
     </span>
     <span class='ocr_line' id='line_1_4' title="bbox 57 571 1730 655; baseline 0.003 -32"><span class='ocrx_word' id='word_1_35' title='bbox 57 583 109 652; x_wconf 59' lang='lat'><strong>133,</strong></span> <span class='ocrx_word' id='word_1_36' title='bbox 126 583 229 655; x_wconf 60' lang='lat' dir='ltr'><strong>tapetia</strong></span> <span class='ocrx_word' id='word_1_37' title='bbox 242 589 269 637; x_wconf 56' lang='grc' dir='ltr'><strong>ει</strong></span> <span class='ocrx_word' id='word_1_38' title='bbox 284 581 347 647; x_wconf 66' lang='lat' dir='ltr'><strong>atta,</strong></span> <span class='ocrx_word' id='word_1_39' title='bbox 366 597 428 653; x_wconf 74' lang='lat' dir='ltr'><strong>quae</strong></span> <span class='ocrx_word' id='word_1_40' title='bbox 444 583 569 654; x_wconf 65' lang='lat' dir='ltr'><strong>quamvis</strong></span> <span class='ocrx_word' id='word_1_41' title='bbox 594 588 775 640; x_wconf 61' lang='lat' dir='ltr'><strong>numerentur</strong></span> <span class='ocrx_word' id='word_1_42' title='bbox 801 581 873 636; x_wconf 64' lang='lat' dir='ltr'><strong>inter</strong></span> <span class='ocrx_word' id='word_1_43' title='bbox 923 571 1029 641; x_wconf 91' lang='lat' dir='ltr'><strong>drudis,</strong></span> <span class='ocrx_word' id='word_1_44' title='bbox 1045 574 1104 644; x_wconf 91' lang='lat' dir='ltr'><strong>ipse</strong></span> <span class='ocrx_word' id='word_1_45' title='bbox 1124 587 1217 628; x_wconf 87' lang='lat' dir='ltr'><strong>eomes</strong></span> <span class='ocrx_word' id='word_1_46' title='bbox 1235 573 1388 647; x_wconf 82' lang='lat' dir='ltr'><strong>haginerus</strong></span> <span class='ocrx_word' id='word_1_47' title='bbox 1405 580 1432 629; x_wconf 92' lang='lat' dir='ltr'><strong>et</strong></span> <span class='ocrx_word' id='word_1_48' title='bbox 1452 572 1595 630; x_wconf 89' lang='lat' dir='ltr'><strong>llathuidis</strong></span> <span class='ocrx_word' id='word_1_49' title='bbox 1609 573 1730 646; x_wconf 80' lang='lat' dir='ltr'><strong>conjunx</strong></span> 
     </span>
     <span class='ocr_line' id='line_1_5' title="bbox 56 664 1730 745; baseline -0.002 -15"><span class='ocrx_word' id='word_1_50' title='bbox 56 672 208 745; x_wconf 75' lang='lat' dir='ltr'><strong>subsiciva,</strong></span> <span class='ocrx_word' id='word_1_51' title='bbox 222 673 282 743; x_wconf 87' lang='lat' dir='ltr'><strong>ejus</strong></span> <span class='ocrx_word' id='word_1_52' title='bbox 295 678 387 726; x_wconf 90' lang='lat' dir='ltr'><strong>tamen</strong></span> <span class='ocrx_word' id='word_1_53' title='bbox 402 669 538 728; x_wconf 90' lang='lat' dir='ltr'><strong>industria</strong></span> <span class='ocrx_word' id='word_1_54' title='bbox 553 681 582 729; x_wconf 90' lang='lat' dir='ltr'><strong>et</strong></span> <span class='ocrx_word' id='word_1_55' title='bbox 601 673 692 729; x_wconf 90' lang='lat' dir='ltr'><strong>studio</strong></span> <span class='ocrx_word' id='word_1_56' title='bbox 707 677 772 727; x_wconf 91' lang='lat' dir='ltr'><strong>sunt</strong></span> <span class='ocrx_word' id='word_1_57' title='bbox 797 685 873 726; x_wconf 91' lang='lat' dir='ltr'><strong>com-</strong></span> <span class='ocrx_word' id='word_1_58' title='bbox 923 665 984 736; x_wconf 80' lang='lat' dir='ltr'><strong>ejus</strong></span> <span class='ocrx_word' id='word_1_59' title='bbox 1003 665 1136 737; x_wconf 82' lang='lat' dir='ltr'><strong>quicquid</strong></span> <span class='ocrx_word' id='word_1_60' title='bbox 1157 664 1420 736; x_wconf 74' lang='lat' dir='ltr'><strong>praediihabehtnl</strong></span> <span class='ocrx_word' id='word_1_61' title='bbox 1441 665 1470 720; x_wconf 87' lang='lat' dir='ltr'><strong>in</strong></span> <span class='ocrx_word' id='word_1_62' title='bbox 1500 666 1567 721; x_wconf 86' lang='lat' dir='ltr'><strong>Dion</strong></span> <span class='ocrx_word' id='word_1_63' title='bbox 1599 666 1730 722; x_wconf 76' lang='lat' dir='ltr'><strong>aectlesiae</strong></span> 
     </span>
     <span class='ocr_line' id='line_1_6' title="bbox 59 755 1163 835; baseline -0.005 -19"><span class='ocrx_word' id='word_1_64' title='bbox 59 772 164 833; x_wconf 89' lang='lat' dir='ltr'><strong>parata,</strong></span> <span class='ocrx_word' id='word_1_65' title='bbox 193 768 240 817; x_wconf 87' lang='lat' dir='ltr'><strong>aut</strong></span> <span class='ocrx_word' id='word_1_66' title='bbox 255 761 316 831; x_wconf 87' lang='lat' dir='ltr'><strong>ejus</strong></span> <span class='ocrx_word' id='word_1_67' title='bbox 338 759 442 815; x_wconf 84' lang='lat' dir='ltr'><strong>amoris</strong></span> <span class='ocrx_word' id='word_1_68' title='bbox 461 759 546 835; x_wconf 82' lang='lat' dir='ltr'><strong>gratia</strong></span> <span class='ocrx_word' id='word_1_69' title='bbox 569 760 651 816; x_wconf 83' lang='lat' dir='ltr'><strong>altei</strong></span> <span class='ocrx_word' id='word_1_70' title='bbox 668 759 797 815; x_wconf 84' lang='lat' dir='ltr'><strong>fidelibus</strong></span> <span class='ocrx_word' id='word_1_71' title='bbox 819 774 874 814; x_wconf 83' lang='lat' dir='ltr'><strong>aec·</strong></span> <span class='ocrx_word' id='word_1_72' title='bbox 924 762 1024 810; x_wconf 84' lang='lat' dir='ltr'><strong>uostrae</strong></span> <span class='ocrx_word' id='word_1_73' title='bbox 1041 755 1163 810; x_wconf 75' lang='lat' dir='ltr'><strong>tradidit.</strong></span> 
     </span>
    </p>

    <p class='ocr_par' dir='ltr' id='par_1_3' title="bbox 56 845 1763 3029">
     <span class='ocr_line' id='line_1_7' title="bbox 60 845 1729 924; baseline -0.001 -19"><span class='ocrx_word' id='word_1_74' title='bbox 60 850 154 906; x_wconf 86' lang='lat' dir='ltr'><strong>clesiae</strong></span> <span class='ocrx_word' id='word_1_75' title='bbox 168 850 276 907; x_wconf 90' lang='lat' dir='ltr'><strong>collata.</strong></span> <span class='ocrx_word' id='word_1_76' title='bbox 300 851 365 916; x_wconf 80' lang='lat' dir='ltr'><strong>Quae</strong></span> <span class='ocrx_word' id='word_1_77' title='bbox 381 850 492 924; x_wconf 88' lang='lat' dir='ltr'><strong>quidem</strong></span> <span class='ocrx_word' id='word_1_78' title='bbox 510 849 637 922; x_wconf 90' lang='lat' dir='ltr'><strong>quamvis</strong></span> <span class='ocrx_word' id='word_1_79' title='bbox 652 863 709 905; x_wconf 92' lang='lat' dir='ltr'><strong>non</strong></span> <span class='ocrx_word' id='word_1_80' title='bbox 725 853 789 904; x_wconf 91' lang='lat' dir='ltr'><strong>snut</strong></span> <span class='ocrx_word' id='word_1_81' title='bbox 803 846 873 902; x_wconf 90' lang='lat' dir='ltr'><strong>adeo</strong></span> <span class='ocrx_word' id='word_1_82' title='bbox 958 847 1002 902; x_wconf 83' lang='lat' dir='ltr'><strong>tt.</strong></span> <span class='ocrx_word' id='word_1_83' title='bbox 1030 847 1094 902; x_wconf 86' lang='lat' dir='ltr'><strong>Tam</strong></span> <span class='ocrx_word' id='word_1_84' title='bbox 1124 847 1290 902; x_wconf 80' lang='lat' dir='ltr'>laudabilem</span> <span class='ocrx_word' id='word_1_85' title='bbox 1321 855 1350 903; x_wconf 91' lang='lat' dir='ltr'><strong>et</strong></span> <span class='ocrx_word' id='word_1_86' title='bbox 1378 845 1473 903; x_wconf 90' lang='lat' dir='ltr'><strong>utilem</strong></span> <span class='ocrx_word' id='word_1_87' title='bbox 1501 845 1585 902; x_wconf 90' lang='lat' dir='ltr'><strong>vitam</strong></span> <span class='ocrx_word' id='word_1_88' title='bbox 1614 847 1729 922; x_wconf 81' lang='lat' dir='ltr'><strong>degens,</strong></span> 
     </span>
     <span class='ocr_line' id='line_1_8' title="bbox 56 940 1730 1017; baseline -0.001 -19"><span class='ocrx_word' id='word_1_89' title='bbox 56 941 145 998; x_wconf 63' lang='lat' dir='ltr'><strong>&#39;multa</strong></span> <span class='ocrx_word' id='word_1_90' title='bbox 159 959 208 1014; x_wconf 93' lang='lat' dir='ltr'><strong>pro</strong></span> <span class='ocrx_word' id='word_1_91' title='bbox 218 943 305 1015; x_wconf 89' lang='lat' dir='ltr'><strong>precii</strong></span> <span class='ocrx_word' id='word_1_92' title='bbox 314 943 491 1000; x_wconf 89' lang='lat' dir='ltr'><strong>estimatione</strong></span> <span class='ocrx_word' id='word_1_93' title='bbox 506 949 534 999; x_wconf 89' lang='lat' dir='ltr'><strong>et</strong></span> <span class='ocrx_word' id='word_1_94' title='bbox 545 942 699 997; x_wconf 88' lang='lat' dir='ltr'><strong>alienarum</strong></span> <span class='ocrx_word' id='word_1_95' title='bbox 715 940 871 996; x_wconf 91' lang='lat' dir='ltr'><strong>divitiarum</strong></span> <span class='ocrx_word' id='word_1_96' title='bbox 923 946 1069 1011; x_wconf 75' lang='lat' dir='ltr'><strong>postquam</strong></span> <span class='ocrx_word' id='word_1_97' title='bbox 1086 940 1114 994; x_wconf 95' lang='lat' dir='ltr'><strong>in</strong></span> <span class='ocrx_word' id='word_1_98' title='bbox 1138 940 1173 996; x_wconf 83' lang='lat' dir='ltr'><strong>at</strong></span> <span class='ocrx_word' id='word_1_99' title='bbox 1188 955 1275 995; x_wconf 92' lang='lat' dir='ltr'><strong>anuos</strong></span> <span class='ocrx_word' id='word_1_100' title='bbox 1290 940 1381 1017; x_wconf 83' lang='lat' dir='ltr'><strong>exegit</strong></span> <span class='ocrx_word' id='word_1_101' title='bbox 1395 945 1505 1010; x_wconf 89' lang='lat' dir='ltr'><strong>tempus</strong></span> <span class='ocrx_word' id='word_1_102' title='bbox 1518 955 1574 994; x_wconf 86' lang='lat' dir='ltr'><strong>suae</strong></span> <span class='ocrx_word' id='word_1_103' title='bbox 1592 940 1730 1010; x_wconf 86' lang='lat' dir='ltr'><strong>praelatio·</strong></span> 
     </span>
     <span class='ocr_line' id='line_1_9' title="bbox 59 1031 1730 1106; baseline 0.001 -18"><span class='ocrx_word' id='word_1_104' title='bbox 59 1033 278 1104; x_wconf 89' lang='lat' dir='ltr'><strong>comparatione,</strong></span> <span class='ocrx_word' id='word_1_105' title='bbox 294 1042 358 1089; x_wconf 92' lang='lat' dir='ltr'><strong>suut</strong></span> <span class='ocrx_word' id='word_1_106' title='bbox 373 1038 465 1088; x_wconf 86' lang='lat' dir='ltr'><strong>tamen</strong></span> <span class='ocrx_word' id='word_1_107' title='bbox 481 1031 568 1088; x_wconf 91' lang='lat' dir='ltr'><strong>multa</strong></span> <span class='ocrx_word' id='word_1_108' title='bbox 590 1031 617 1086; x_wconf 90' lang='lat' dir='ltr'><strong>ei</strong></span> <span class='ocrx_word' id='word_1_109' title='bbox 644 1045 744 1104; x_wconf 79' lang='lat' dir='ltr'><strong>magna</strong></span> <span class='ocrx_word' id='word_1_110' title='bbox 763 1036 791 1084; x_wconf 91' lang='lat' dir='ltr'><strong>et</strong></span> <span class='ocrx_word' id='word_1_111' title='bbox 807 1043 872 1099; x_wconf 92' lang='lat' dir='ltr'><strong>pre·</strong></span> <span class='ocrx_word' id='word_1_112' title='bbox 922 1032 975 1098; x_wconf 88' lang='lat' dir='ltr'><strong>nis,</strong></span> <span class='ocrx_word' id='word_1_113' title='bbox 995 1032 1080 1086; x_wconf 90' lang='lat' dir='ltr'><strong>sensit</strong></span> <span class='ocrx_word' id='word_1_114' title='bbox 1097 1048 1127 1087; x_wconf 90' lang='lat' dir='ltr'><strong>se</strong></span> <span class='ocrx_word' id='word_1_115' title='bbox 1146 1049 1162 1086; x_wconf 90' lang='lat' dir='ltr'><strong>a</strong></span> <span class='ocrx_word' id='word_1_116' title='bbox 1190 1033 1244 1088; x_wconf 86' lang='lat' dir='ltr'><strong>[teo</strong></span> <span class='ocrx_word' id='word_1_117' title='bbox 1260 1032 1368 1088; x_wconf 92' lang='lat' dir='ltr'><strong>invitari</strong></span> <span class='ocrx_word' id='word_1_118' title='bbox 1387 1034 1420 1088; x_wconf 91' lang='lat' dir='ltr'><strong>ad</strong></span> <span class='ocrx_word' id='word_1_119' title='bbox 1447 1034 1573 1090; x_wconf 85' lang='lat' dir='ltr'><strong>bravium</strong></span> <span class='ocrx_word' id='word_1_120' title='bbox 1600 1050 1730 1106; x_wconf 84' lang='lat' dir='ltr'><strong>supernae</strong></span> 
     </span>
     <span class='ocr_line' id='line_1_10' title="bbox 59 1120 1729 1198; baseline 0.002 -20"><span class='ocrx_word' id='word_1_121' title='bbox 59 1122 135 1179; x_wconf 90' lang='lat' dir='ltr'><strong>oiosa</strong></span> <span class='ocrx_word' id='word_1_122' title='bbox 152 1139 201 1195; x_wconf 91' lang='lat' dir='ltr'><strong>pro</strong></span> <span class='ocrx_word' id='word_1_123' title='bbox 225 1123 299 1180; x_wconf 89' lang='lat' dir='ltr'><strong>bona</strong></span> <span class='ocrx_word' id='word_1_124' title='bbox 321 1124 382 1195; x_wconf 87' lang='lat' dir='ltr'><strong>ejus</strong></span> <span class='ocrx_word' id='word_1_125' title='bbox 406 1123 571 1191; x_wconf 88' lang='lat' dir='ltr'><strong>intentione,</strong></span> <span class='ocrx_word' id='word_1_126' title='bbox 601 1120 666 1193; x_wconf 88' lang='lat' dir='ltr'><strong>qnia</strong></span> <span class='ocrx_word' id='word_1_127' title='bbox 681 1126 872 1176; x_wconf 89' lang='lat' dir='ltr'><strong>remunerator</strong></span> <span class='ocrx_word' id='word_1_128' title='bbox 922 1122 1075 1178; x_wconf 88' lang='lat' dir='ltr'><strong>vocationis</strong></span> <span class='ocrx_word' id='word_1_129' title='bbox 1088 1123 1142 1193; x_wconf 85' lang='lat' dir='ltr'><strong>(aa.</strong></span> <span class='ocrx_word' id='word_1_130' title='bbox 1160 1123 1249 1192; x_wconf 82' lang='lat' dir='ltr'><strong>teta).</strong></span> <span class='ocrx_word' id='word_1_131' title='bbox 1272 1123 1303 1180; x_wconf 82' lang='lat' dir='ltr'><strong>Et</strong></span> <span class='ocrx_word' id='word_1_132' title='bbox 1322 1125 1449 1197; x_wconf 84' lang='lat' dir='ltr'><strong>exemplo</strong></span> <span class='ocrx_word' id='word_1_133' title='bbox 1471 1126 1574 1182; x_wconf 91' lang='lat' dir='ltr'><strong>domini</strong></span> <span class='ocrx_word' id='word_1_134' title='bbox 1589 1127 1665 1193; x_wconf 85' lang='lat' dir='ltr'><strong>lesu,</strong></span> <span class='ocrx_word' id='word_1_135' title='bbox 1681 1126 1729 1198; x_wconf 88' lang='lat' dir='ltr'><strong>qui</strong></span> 
     </span>
     <span class='ocr_line' id='line_1_11' title="bbox 59 1212 1731 1292; baseline 0 -20"><span class='ocrx_word' id='word_1_136' title='bbox 59 1215 197 1274; x_wconf 93' lang='lat' dir='ltr'><strong>bonorum</strong></span> <span class='ocrx_word' id='word_1_137' title='bbox 212 1217 284 1273; x_wconf 80' lang='lat' dir='ltr'><strong>[teus</strong></span> <span class='ocrx_word' id='word_1_138' title='bbox 305 1234 362 1273; x_wconf 94' lang='lat' dir='ltr'><strong>uon</strong></span> <span class='ocrx_word' id='word_1_139' title='bbox 384 1218 494 1273; x_wconf 88' lang='lat' dir='ltr'><strong>estimat</strong></span> <span class='ocrx_word' id='word_1_140' title='bbox 507 1231 539 1272; x_wconf 87' lang='lat' dir='ltr'><strong>ex</strong></span> <span class='ocrx_word' id='word_1_141' title='bbox 562 1221 676 1290; x_wconf 88' lang='lat' dir='ltr'><strong>quanto,</strong></span> <span class='ocrx_word' id='word_1_142' title='bbox 690 1215 738 1270; x_wconf 90' lang='lat' dir='ltr'><strong>sed</strong></span> <span class='ocrx_word' id='word_1_143' title='bbox 752 1227 817 1292; x_wconf 89' lang='lat' dir='ltr'><strong>quo</strong></span> <span class='ocrx_word' id='word_1_144' title='bbox 828 1212 870 1269; x_wconf 91' lang='lat' dir='ltr'><strong>vel</strong></span> <span class='ocrx_word' id='word_1_145' title='bbox 922 1212 1086 1268; x_wconf 88' lang='lat' dir='ltr'><strong>transiturus</strong></span> <span class='ocrx_word' id='word_1_146' title='bbox 1099 1213 1132 1266; x_wconf 90' lang='lat' dir='ltr'><strong>ad</strong></span> <span class='ocrx_word' id='word_1_147' title='bbox 1150 1212 1265 1278; x_wconf 85' lang='lat' dir='ltr'><strong>Patrem,</strong></span> <span class='ocrx_word' id='word_1_148' title='bbox 1282 1228 1343 1269; x_wconf 90' lang='lat' dir='ltr'><strong>curn</strong></span> <span class='ocrx_word' id='word_1_149' title='bbox 1352 1213 1494 1270; x_wconf 89' lang='lat' dir='ltr'><strong>dilexisset</strong></span> <span class='ocrx_word' id='word_1_150' title='bbox 1509 1231 1574 1274; x_wconf 89' lang='lat' dir='ltr'><strong>suos</strong></span> <span class='ocrx_word' id='word_1_151' title='bbox 1589 1217 1635 1287; x_wconf 91' lang='lat' dir='ltr'><strong>qai</strong></span> <span class='ocrx_word' id='word_1_152' title='bbox 1651 1225 1731 1272; x_wconf 91' lang='lat' dir='ltr'><strong>erant</strong></span> 
     </span>
     <span class='ocr_line' id='line_1_12' title="bbox 59 1301 1732 1378; baseline -0.001 -16"><span class='ocrx_word' id='word_1_153' title='bbox 59 1305 134 1378; x_wconf 83' lang='lat' dir='ltr'><strong>quali</strong></span> <span class='ocrx_word' id='word_1_154' title='bbox 148 1307 202 1363; x_wconf 88' lang='lat' dir='ltr'><strong>sihi</strong></span> <span class='ocrx_word' id='word_1_155' title='bbox 223 1305 354 1363; x_wconf 87' lang='lat' dir='ltr'><strong>offeratur</strong></span> <span class='ocrx_word' id='word_1_156' title='bbox 365 1308 469 1363; x_wconf 90' lang='lat' dir='ltr'><strong>auimo.</strong></span> <span class='ocrx_word' id='word_1_157' title='bbox 922 1301 1078 1369; x_wconf 89' lang='lat' dir='ltr'><strong>inmundo,</strong></span> <span class='ocrx_word' id='word_1_158' title='bbox 1107 1302 1135 1356; x_wconf 93' lang='lat' dir='ltr'><strong>in</strong></span> <span class='ocrx_word' id='word_1_159' title='bbox 1156 1301 1304 1359; x_wconf 87' lang='lat' dir='ltr'><strong>finemeos</strong></span> <span class='ocrx_word' id='word_1_160' title='bbox 1331 1303 1439 1372; x_wconf 85' lang='lat' dir='ltr'><strong>dilexit,</strong></span> <span class='ocrx_word' id='word_1_161' title='bbox 1468 1303 1550 1360; x_wconf 90' lang='lat' dir='ltr'><strong>etiam</strong></span> <span class='ocrx_word' id='word_1_162' title='bbox 1580 1306 1638 1376; x_wconf 90' lang='lat' dir='ltr'><strong>ipse</strong></span> <span class='ocrx_word' id='word_1_163' title='bbox 1657 1305 1732 1363; x_wconf 82' lang='lat' dir='ltr'><strong>filios</strong></span> 
     </span>
     <span class='ocr_line' id='line_1_13' title="bbox 60 1394 1763 1475; baseline -0.001 -20"><span class='ocrx_word' id='word_1_164' title='bbox 60 1402 63 1407; x_wconf 82' lang='grc'><strong>“</strong></span> <span class='ocrx_word' id='word_1_165' title='bbox 96 1399 139 1455; x_wconf 80' lang='lat' dir='ltr'><strong>ts.</strong></span> <span class='ocrx_word' id='word_1_166' title='bbox 157 1399 189 1455; x_wconf 85' lang='lat' dir='ltr'><strong>ttt</strong></span> <span class='ocrx_word' id='word_1_167' title='bbox 209 1400 275 1472; x_wconf 93' lang='lat' dir='ltr'><strong>quia</strong></span> <span class='ocrx_word' id='word_1_168' title='bbox 295 1415 356 1456; x_wconf 92' lang='lat' dir='ltr'><strong>cum</strong></span> <span class='ocrx_word' id='word_1_169' title='bbox 372 1399 516 1475; x_wconf 88' lang='lat' dir='ltr'><strong>religionis</strong></span> <span class='ocrx_word' id='word_1_170' title='bbox 540 1398 633 1455; x_wconf 89' lang='lat' dir='ltr'><strong>studio</strong></span> <span class='ocrx_word' id='word_1_171' title='bbox 660 1395 872 1471; x_wconf 84' lang='lat' dir='ltr'><strong>vigereiecerat</strong></span> <span class='ocrx_word' id='word_1_172' title='bbox 921 1410 997 1462; x_wconf 88' lang='lat' dir='ltr'><strong>suos,</strong></span> <span class='ocrx_word' id='word_1_173' title='bbox 1014 1409 1084 1465; x_wconf 90' lang='lat' dir='ltr'><strong>quos</strong></span> <span class='ocrx_word' id='word_1_174' title='bbox 1099 1394 1154 1450; x_wconf 79' lang='lat' dir='ltr'><strong>lieo</strong></span> <span class='ocrx_word' id='word_1_175' title='bbox 1170 1395 1198 1449; x_wconf 91' lang='lat' dir='ltr'><strong>in</strong></span> <span class='ocrx_word' id='word_1_176' title='bbox 1213 1395 1275 1450; x_wconf 90' lang='lat' dir='ltr'><strong>sinu</strong></span> <span class='ocrx_word' id='word_1_177' title='bbox 1293 1400 1425 1451; x_wconf 75' lang='lat' dir='ltr'><strong>materna</strong></span> <span class='ocrx_word' id='word_1_178' title='bbox 1445 1396 1604 1452; x_wconf 90' lang='lat' dir='ltr'><strong>dulcedinis</strong></span> <span class='ocrx_word' id='word_1_179' title='bbox 1619 1413 1729 1471; x_wconf 80' lang='lat' dir='ltr'><strong>genue-</strong></span> <span class='ocrx_word' id='word_1_180' title='bbox 1760 1436 1763 1443; x_wconf 67' lang='grc'><em>.</em></span> 
     </span>
     <span class='ocr_line' id='line_1_14' title="bbox 61 1485 1729 1562; baseline 0.003 -18"><span class='ocrx_word' id='word_1_181' title='bbox 61 1488 144 1544; x_wconf 88' lang='lat' dir='ltr'><strong>etiam</strong></span> <span class='ocrx_word' id='word_1_182' title='bbox 167 1488 630 1557; x_wconf 84' lang='lat' dir='ltr'><strong>litteralisscientiaestudium,ne</strong></span> <span class='ocrx_word' id='word_1_183' title='bbox 654 1494 683 1543; x_wconf 92' lang='lat' dir='ltr'><strong>et</strong></span> <span class='ocrx_word' id='word_1_184' title='bbox 712 1486 810 1542; x_wconf 90' lang='lat' dir='ltr'><strong>iuhoc</strong></span> <span class='ocrx_word' id='word_1_185' title='bbox 830 1485 871 1543; x_wconf 91' lang='lat' dir='ltr'><strong>eis</strong></span> <span class='ocrx_word' id='word_1_186' title='bbox 922 1500 963 1547; x_wconf 92' lang='lat' dir='ltr'><strong>rat</strong></span> <span class='ocrx_word' id='word_1_187' title='bbox 991 1498 1018 1545; x_wconf 88' lang='lat' dir='ltr'><strong>et</strong></span> <span class='ocrx_word' id='word_1_188' title='bbox 1042 1490 1141 1547; x_wconf 83' lang='lat' dir='ltr'><strong>affectu</strong></span> <span class='ocrx_word' id='word_1_189' title='bbox 1175 1497 1296 1562; x_wconf 80' lang='lat' dir='ltr'><strong>pateram</strong></span> <span class='ocrx_word' id='word_1_190' title='bbox 1331 1490 1526 1548; x_wconf 75' lang='lat' dir='ltr'><strong>sollicitudinis</strong></span> <span class='ocrx_word' id='word_1_191' title='bbox 1554 1491 1729 1561; x_wconf 88' lang='lat' dir='ltr'><strong>educaverat,</strong></span> 
     </span>
     <span class='ocr_line' id='line_1_15' title="bbox 60 1575 1731 1656; baseline 0.003 -25"><span class='ocrx_word' id='word_1_192' title='bbox 60 1575 169 1632; x_wconf 81' lang='lat' dir='ltr'>deesset</span> <span class='ocrx_word' id='word_1_193' title='bbox 184 1576 258 1632; x_wconf 91' lang='lat' dir='ltr'><strong>unde</strong></span> <span class='ocrx_word' id='word_1_194' title='bbox 278 1578 436 1649; x_wconf 85' lang='lat' dir='ltr'><strong>hujusmodi</strong></span> <span class='ocrx_word' id='word_1_195' title='bbox 457 1580 524 1634; x_wconf 90' lang='lat' dir='ltr'><strong>artis</strong></span> <span class='ocrx_word' id='word_1_196' title='bbox 537 1584 745 1652; x_wconf 76' lang='lat' dir='ltr'><strong>exequerentur</strong></span> <span class='ocrx_word' id='word_1_197' title='bbox 765 1577 871 1632; x_wconf 81' lang='lat' dir='ltr'><strong>exerui·</strong></span> <span class='ocrx_word' id='word_1_198' title='bbox 922 1583 1048 1656; x_wconf 83' lang='lat' dir='ltr'><strong>usquein</strong></span> <span class='ocrx_word' id='word_1_199' title='bbox 1063 1582 1148 1638; x_wconf 76' lang='lat' dir='ltr'><strong>sineru</strong></span> <span class='ocrx_word' id='word_1_200' title='bbox 1165 1581 1270 1638; x_wconf 85' lang='lat' dir='ltr'><strong>dilexit.</strong></span> <span class='ocrx_word' id='word_1_201' title='bbox 1283 1583 1334 1648; x_wconf 84' lang='lat' dir='ltr'><strong>Qui</strong></span> <span class='ocrx_word' id='word_1_202' title='bbox 1349 1584 1414 1655; x_wconf 82' lang='lat' dir='ltr'><strong>quia</strong></span> <span class='ocrx_word' id='word_1_203' title='bbox 1429 1583 1539 1638; x_wconf 89' lang='lat' dir='ltr'><strong>dnobus</strong></span> <span class='ocrx_word' id='word_1_204' title='bbox 1554 1583 1731 1650; x_wconf 85' lang='lat' dir='ltr'><strong>monasteriis</strong></span> 
     </span>
     <span class='ocr_line' id='line_1_16' title="bbox 59 1667 1729 1747; baseline 0.004 -25"><span class='ocrx_word' id='word_1_205' title='bbox 59 1667 140 1736; x_wconf 91' lang='lat' dir='ltr'><strong>tium,</strong></span> <span class='ocrx_word' id='word_1_206' title='bbox 161 1669 392 1726; x_wconf 74' lang='lat' dir='ltr'><strong>sumministravit</strong></span> <span class='ocrx_word' id='word_1_207' title='bbox 415 1670 457 1725; x_wconf 91' lang='lat' dir='ltr'><strong>eis</strong></span> <span class='ocrx_word' id='word_1_208' title='bbox 480 1671 563 1727; x_wconf 88' lang='lat' dir='ltr'><strong>etiam</strong></span> <span class='ocrx_word' id='word_1_209' title='bbox 592 1670 699 1742; x_wconf 88' lang='lat' dir='ltr'><strong>copiam</strong></span> <span class='ocrx_word' id='word_1_210' title='bbox 725 1670 868 1727; x_wconf 90' lang='lat' dir='ltr'><strong>librorum.</strong></span> <span class='ocrx_word' id='word_1_211' title='bbox 922 1680 1050 1744; x_wconf 82' lang='lat' dir='ltr'><strong>praeerat,</strong></span> <span class='ocrx_word' id='word_1_212' title='bbox 1068 1678 1096 1727; x_wconf 89' lang='lat' dir='ltr'><strong>et</strong></span> <span class='ocrx_word' id='word_1_213' title='bbox 1114 1671 1150 1728; x_wconf 91' lang='lat' dir='ltr'><strong>ob</strong></span> <span class='ocrx_word' id='word_1_214' title='bbox 1170 1671 1197 1726; x_wconf 94' lang='lat' dir='ltr'><strong>id</strong></span> <span class='ocrx_word' id='word_1_215' title='bbox 1212 1672 1342 1728; x_wconf 83' lang='lat' dir='ltr'><strong>continua</strong></span> <span class='ocrx_word' id='word_1_216' title='bbox 1357 1671 1471 1747; x_wconf 84' lang='lat' dir='ltr'><strong>regendi</strong></span> <span class='ocrx_word' id='word_1_217' title='bbox 1494 1672 1625 1727; x_wconf 90' lang='lat' dir='ltr'><strong>instantia</strong></span> <span class='ocrx_word' id='word_1_218' title='bbox 1645 1672 1729 1728; x_wconf 91' lang='lat' dir='ltr'><strong>alter·</strong></span> 
     </span>
     <span class='ocr_line' id='line_1_17' title="bbox 60 1718 1731 1833; baseline 0.007 -23"><span class='ocrx_word' id='word_1_219' title='bbox 60 1752 120 1812; x_wconf 83' lang='lat' dir='ltr'><strong>hon</strong></span> <span class='ocrx_word' id='word_1_220' title='bbox 145 1772 244 1827; x_wconf 88' lang='lat' dir='ltr'><strong>passus</strong></span> <span class='ocrx_word' id='word_1_221' title='bbox 273 1757 347 1813; x_wconf 92' lang='lat' dir='ltr'><strong>enim</strong></span> <span class='ocrx_word' id='word_1_222' title='bbox 370 1765 400 1814; x_wconf 92' lang='lat' dir='ltr'><strong>ut</strong></span> <span class='ocrx_word' id='word_1_223' title='bbox 422 1775 472 1831; x_wconf 90' lang='lat' dir='ltr'><strong>per</strong></span> <span class='ocrx_word' id='word_1_224' title='bbox 499 1759 585 1816; x_wconf 92' lang='lat' dir='ltr'><strong>otium</strong></span> <span class='ocrx_word' id='word_1_225' title='bbox 603 1774 683 1815; x_wconf 89' lang='lat' dir='ltr'><strong>meus</strong></span> <span class='ocrx_word' id='word_1_226' title='bbox 709 1765 756 1815; x_wconf 88' lang='lat' dir='ltr'><strong>aut</strong></span> <span class='ocrx_word' id='word_1_227' title='bbox 774 1718 1007 1820; x_wconf 76' lang='lat' dir='ltr'><strong>mauuanatim</strong></span> <span class='ocrx_word' id='word_1_228' title='bbox 1024 1764 1223 1820; x_wconf 86' lang='lat' dir='ltr'><strong>habitationem</strong></span> <span class='ocrx_word' id='word_1_229' title='bbox 1238 1779 1314 1818; x_wconf 88' lang='lat' dir='ltr'><strong>suam</strong></span> <span class='ocrx_word' id='word_1_230' title='bbox 1334 1771 1441 1818; x_wconf 91' lang='lat' dir='ltr'><strong>mutare</strong></span> <span class='ocrx_word' id='word_1_231' title='bbox 1456 1770 1649 1833; x_wconf 89' lang='lat' dir='ltr'><strong>consueverat,</strong></span> <span class='ocrx_word' id='word_1_232' title='bbox 1665 1770 1731 1821; x_wconf 91' lang='lat' dir='ltr'><strong>tuuc</strong></span> 
     </span>
     <span class='ocr_line' id='line_1_18' title="bbox 62 1848 1729 1932; baseline 0.01 -32"><span class='ocrx_word' id='word_1_233' title='bbox 62 1859 159 1901; x_wconf 89' lang='lat' dir='ltr'><strong>eorum</strong></span> <span class='ocrx_word' id='word_1_234' title='bbox 177 1853 359 1916; x_wconf 79' lang='lat' dir='ltr'><strong>torpesceret,</strong></span> <span class='ocrx_word' id='word_1_235' title='bbox 370 1848 616 1919; x_wconf 88' lang='lat' dir='ltr'><strong>utiliterproleetui</strong></span> <span class='ocrx_word' id='word_1_236' title='bbox 630 1863 726 1904; x_wconf 89' lang='lat' dir='ltr'><strong>eorum</strong></span> <span class='ocrx_word' id='word_1_237' title='bbox 740 1849 873 1921; x_wconf 81' lang='lat' dir='ltr'><strong>praevidet</strong></span> <span class='ocrx_word' id='word_1_238' title='bbox 923 1858 951 1913; x_wconf 76' lang='lat' dir='ltr'><strong>in</strong></span> <span class='ocrx_word' id='word_1_239' title='bbox 967 1859 1185 1914; x_wconf 72' lang='lat' dir='ltr'><strong>Gemmetncensi</strong></span> <span class='ocrx_word' id='word_1_240' title='bbox 1200 1858 1329 1915; x_wconf 84' lang='lat' dir='ltr'><strong>coenobio</strong></span> <span class='ocrx_word' id='word_1_241' title='bbox 1350 1859 1512 1932; x_wconf 88' lang='lat' dir='ltr'><strong>aliquandiu</strong></span> <span class='ocrx_word' id='word_1_242' title='bbox 1531 1867 1729 1928; x_wconf 86' lang='lat' dir='ltr'><strong>commoratus,</strong></span> 
     </span>
     <span class='ocr_line' id='line_1_19' title="bbox 61 1933 1727 2019; baseline 0.002 -16"><span class='ocrx_word' id='word_1_243' title='bbox 61 1933 127 1989; x_wconf 71' lang='lat' dir='ltr'><strong>dum</strong></span> <span class='ocrx_word' id='word_1_244' title='bbox 146 1949 195 1990; x_wconf 74' lang='lat'><strong>⁸⁰⁵</strong></span> <span class='ocrx_word' id='word_1_245' title='bbox 214 1941 241 1989; x_wconf 70' lang='grc' dir='ltr'><strong>θῑ</strong></span> <span class='ocrx_word' id='word_1_246' title='bbox 260 1950 311 2007; x_wconf 90' lang='lat' dir='ltr'><strong>per</strong></span> <span class='ocrx_word' id='word_1_247' title='bbox 326 1936 467 1992; x_wconf 61' lang='lat' dir='ltr'><strong>illibessdi</strong></span> <span class='ocrx_word' id='word_1_248' title='bbox 488 1938 751 2005; x_wconf 70' lang='lat' dir='ltr'><strong>lflb0s0¹1¹0¹es0⁰12</strong></span> <span class='ocrx_word' id='word_1_249' title='bbox 775 1946 803 1993; x_wconf 67' lang='lat' dir='ltr'><strong>ei</strong></span> <span class='ocrx_word' id='word_1_250' title='bbox 817 1937 872 1994; x_wconf 69' lang='lat' dir='ltr'><strong>fle·</strong></span> <span class='ocrx_word' id='word_1_251' title='bbox 922 1950 1041 2004; x_wconf 89' lang='lat' dir='ltr'><strong>natalem</strong></span> <span class='ocrx_word' id='word_1_252' title='bbox 1061 1949 1248 2019; x_wconf 89' lang='lat' dir='ltr'><strong>apostolorum</strong></span> <span class='ocrx_word' id='word_1_253' title='bbox 1269 1947 1342 2003; x_wconf 90' lang='lat' dir='ltr'><strong>Petri</strong></span> <span class='ocrx_word' id='word_1_254' title='bbox 1369 1956 1398 2003; x_wconf 93' lang='lat' dir='ltr'><strong>et</strong></span> <span class='ocrx_word' id='word_1_255' title='bbox 1416 1949 1492 2003; x_wconf 90' lang='lat' dir='ltr'><strong>Pauli</strong></span> <span class='ocrx_word' id='word_1_256' title='bbox 1519 1950 1727 2008; x_wconf 86' lang='lat' dir='ltr'><strong>solemnizabat.</strong></span> 
     </span>
     <span class='ocr_line' id='line_1_20' title="bbox 62 2023 1729 2114; baseline 0.001 -18"><span class='ocrx_word' id='word_1_257' title='bbox 62 2023 160 2097; x_wconf 55' lang='lat' dir='ltr'><strong>‘lum</strong></span> <span class='ocrx_word' id='word_1_258' title='bbox 175 2025 372 2096; x_wconf 53' lang='lat' dir='ltr'><strong>willimarum</strong></span> <span class='ocrx_word' id='word_1_259' title='bbox 386 2027 568 2083; x_wconf 64' lang='lat' dir='ltr'><strong>medilaliffle</strong></span> <span class='ocrx_word' id='word_1_260' title='bbox 590 2026 698 2083; x_wconf 66' lang='lat' dir='ltr'><strong>assifflOS</strong></span> <span class='ocrx_word' id='word_1_261' title='bbox 727 2042 822 2084; x_wconf 63' lang='lat' dir='ltr'><strong>wilm</strong></span> <span class='ocrx_word' id='word_1_262' title='bbox 838 2026 872 2083; x_wconf 67' lang='lat' dir='ltr'><strong>ad</strong></span> <span class='ocrx_word' id='word_1_263' title='bbox 922 2041 953 2095; x_wconf 88' lang='lat' dir='ltr'><strong>Et</strong></span> <span class='ocrx_word' id='word_1_264' title='bbox 964 2040 1138 2114; x_wconf 86' lang='lat' dir='ltr'><strong>cougregatis</strong></span> <span class='ocrx_word' id='word_1_265' title='bbox 1150 2038 1214 2095; x_wconf 86' lang='lat' dir='ltr'><strong>hliis</strong></span> <span class='ocrx_word' id='word_1_266' title='bbox 1229 2040 1297 2106; x_wconf 90' lang='lat' dir='ltr'><strong>suis,</strong></span> <span class='ocrx_word' id='word_1_267' title='bbox 1315 2039 1420 2109; x_wconf 89' lang='lat' dir='ltr'><strong>prolixe</strong></span> <span class='ocrx_word' id='word_1_268' title='bbox 1430 2047 1457 2095; x_wconf 89' lang='lat' dir='ltr'><strong>et</strong></span> <span class='ocrx_word' id='word_1_269' title='bbox 1473 2041 1517 2111; x_wconf 92' lang='lat' dir='ltr'><strong>pie</strong></span> <span class='ocrx_word' id='word_1_270' title='bbox 1529 2040 1729 2098; x_wconf 89' lang='lat' dir='ltr'><strong>sermocinatus</strong></span> 
     </span>
     <span class='ocr_line' id='line_1_21' title="bbox 60 2116 1730 2201; baseline 0.001 -18"><span class='ocrx_word' id='word_1_271' title='bbox 60 2116 177 2172; x_wconf 80' lang='lat' dir='ltr'><strong>meliora</strong></span> <span class='ocrx_word' id='word_1_272' title='bbox 202 2128 353 2187; x_wconf 77' lang='lat' dir='ltr'><strong>promovet.</strong></span> <span class='ocrx_word' id='word_1_273' title='bbox 380 2119 531 2191; x_wconf 73' lang='lat' dir='ltr'><strong>depellens</strong></span> <span class='ocrx_word' id='word_1_274' title='bbox 556 2135 622 2192; x_wconf 76' lang='lat' dir='ltr'><strong>ergo</strong></span> <span class='ocrx_word' id='word_1_275' title='bbox 646 2120 767 2175; x_wconf 81' lang='lat' dir='ltr'><strong>animum</strong></span> <span class='ocrx_word' id='word_1_276' title='bbox 793 2119 871 2192; x_wconf 78' lang='lat' dir='ltr'><strong>quast</strong></span> <span class='ocrx_word' id='word_1_277' title='bbox 922 2136 964 2185; x_wconf 82' lang='lat' dir='ltr'><strong>est</strong></span> <span class='ocrx_word' id='word_1_278' title='bbox 978 2130 1028 2196; x_wconf 83' lang='lat' dir='ltr'><strong>ets,</strong></span> <span class='ocrx_word' id='word_1_279' title='bbox 1043 2139 1070 2185; x_wconf 83' lang='lat' dir='ltr'><strong>er</strong></span> <span class='ocrx_word' id='word_1_280' title='bbox 1085 2137 1218 2201; x_wconf 65' lang='lat' dir='ltr'><strong>&lt;qnantum</strong></span> <span class='ocrx_word' id='word_1_281' title='bbox 1233 2135 1338 2199; x_wconf 63' lang='lat' dir='ltr'><strong>proterat</strong></span> <span class='ocrx_word' id='word_1_282' title='bbox 1353 2128 1482 2184; x_wconf 77' lang='lat' dir='ltr'><strong>facundia</strong></span> <span class='ocrx_word' id='word_1_283' title='bbox 1498 2128 1592 2183; x_wconf 79' lang='lat' dir='ltr'><strong>diseat</strong></span> <span class='ocrx_word' id='word_1_284' title='bbox 1607 2128 1730 2185; x_wconf 78' lang='lat' dir='ltr'><strong>doctoris</strong></span> 
     </span>
     <span class='ocr_line' id='line_1_22' title="bbox 62 2204 1727 2293; baseline 0.007 -28"><span class='ocrx_word' id='word_1_285' title='bbox 62 2211 132 2266; x_wconf 89' lang='lat' dir='ltr'><strong>alter</strong></span> <span class='ocrx_word' id='word_1_286' title='bbox 160 2212 271 2283; x_wconf 91' lang='lat' dir='ltr'><strong>quidam</strong></span> <span class='ocrx_word' id='word_1_287' title='bbox 295 2213 476 2282; x_wconf 89' lang='lat' dir='ltr'><strong>Philadellus,</strong></span> <span class='ocrx_word' id='word_1_288' title='bbox 508 2217 542 2270; x_wconf 91' lang='lat' dir='ltr'><strong>ad</strong></span> <span class='ocrx_word' id='word_1_289' title='bbox 572 2216 787 2271; x_wconf 87' lang='lat' dir='ltr'><strong>construendam</strong></span> <span class='ocrx_word' id='word_1_290' title='bbox 822 2230 871 2286; x_wconf 94' lang='lat' dir='ltr'><strong>pro</strong></span> <span class='ocrx_word' id='word_1_291' title='bbox 922 2228 949 2278; x_wconf 87' lang='lat' dir='ltr'><strong>et</strong></span> <span class='ocrx_word' id='word_1_292' title='bbox 964 2224 1053 2293; x_wconf 87' lang='lat' dir='ltr'><strong>pietas</strong></span> <span class='ocrx_word' id='word_1_293' title='bbox 1066 2221 1206 2277; x_wconf 84' lang='lat' dir='ltr'><strong>affectuosi</strong></span> <span class='ocrx_word' id='word_1_294' title='bbox 1227 2204 1467 2293; x_wconf 39' lang='lat' dir='ltr'><strong>patris,&#39;monebat</strong></span> <span class='ocrx_word' id='word_1_295' title='bbox 1485 2235 1543 2287; x_wconf 92' lang='lat' dir='ltr'><strong>eos,</strong></span> <span class='ocrx_word' id='word_1_296' title='bbox 1560 2236 1594 2274; x_wconf 92' lang='lat' dir='ltr'><strong>ne</strong></span> <span class='ocrx_word' id='word_1_297' title='bbox 1614 2221 1648 2275; x_wconf 92' lang='lat' dir='ltr'><strong>ab</strong></span> <span class='ocrx_word' id='word_1_298' title='bbox 1662 2237 1727 2276; x_wconf 88' lang='lat' dir='ltr'><strong>ara·</strong></span> 
     </span>
     <span class='ocr_line' id='line_1_23' title="bbox 62 2305 1728 2384; baseline 0.005 -24"><span class='ocrx_word' id='word_1_299' title='bbox 62 2320 146 2378; x_wconf 87' lang='lat' dir='ltr'><strong>posse</strong></span> <span class='ocrx_word' id='word_1_300' title='bbox 169 2321 220 2362; x_wconf 90' lang='lat' dir='ltr'><strong>sua</strong></span> <span class='ocrx_word' id='word_1_301' title='bbox 236 2305 432 2362; x_wconf 83' lang='lat' dir='ltr'><strong>bibliothecam</strong></span> <span class='ocrx_word' id='word_1_302' title='bbox 453 2307 614 2379; x_wconf 90' lang='lat' dir='ltr'><strong>plenariam,</strong></span> <span class='ocrx_word' id='word_1_303' title='bbox 630 2316 708 2363; x_wconf 89' lang='lat' dir='ltr'><strong>vetus</strong></span> <span class='ocrx_word' id='word_1_304' title='bbox 727 2314 755 2363; x_wconf 94' lang='lat' dir='ltr'><strong>et</strong></span> <span class='ocrx_word' id='word_1_305' title='bbox 770 2323 871 2364; x_wconf 88' lang='lat' dir='ltr'><strong>novum</strong></span> <span class='ocrx_word' id='word_1_306' title='bbox 922 2322 962 2370; x_wconf 93' lang='lat' dir='ltr'><strong>tro</strong></span> <span class='ocrx_word' id='word_1_307' title='bbox 974 2314 1105 2370; x_wconf 88' lang='lat' dir='ltr'><strong>dominici</strong></span> <span class='ocrx_word' id='word_1_308' title='bbox 1120 2314 1213 2384; x_wconf 88' lang='lat' dir='ltr'><strong>operis</strong></span> <span class='ocrx_word' id='word_1_309' title='bbox 1229 2313 1326 2368; x_wconf 92' lang='lat' dir='ltr'><strong>oculos</strong></span> <span class='ocrx_word' id='word_1_310' title='bbox 1337 2320 1503 2377; x_wconf 84' lang='lat' dir='ltr'><strong>averterent,</strong></span> <span class='ocrx_word' id='word_1_311' title='bbox 1518 2321 1548 2367; x_wconf 93' lang='lat' dir='ltr'><strong>ut</strong></span> <span class='ocrx_word' id='word_1_312' title='bbox 1562 2328 1577 2368; x_wconf 91' lang='lat' dir='ltr'><strong>a</strong></span> <span class='ocrx_word' id='word_1_313' title='bbox 1591 2311 1728 2369; x_wconf 83' lang='lat' dir='ltr'><strong>fermento</strong></span> 
     </span>
     <span class='ocr_line' id='line_1_24' title="bbox 63 2398 1728 2467; baseline 0.003 -16"><span class='ocrx_word' id='word_1_314' title='bbox 63 2404 259 2453; x_wconf 88' lang='lat' dir='ltr'><strong>testamentum</strong></span> <span class='ocrx_word' id='word_1_315' title='bbox 284 2399 471 2454; x_wconf 89' lang='lat' dir='ltr'><strong>continentem</strong></span> <span class='ocrx_word' id='word_1_316' title='bbox 487 2400 515 2454; x_wconf 93' lang='lat' dir='ltr'><strong>in</strong></span> <span class='ocrx_word' id='word_1_317' title='bbox 531 2415 586 2456; x_wconf 93' lang='lat' dir='ltr'><strong>uuo</strong></span> <span class='ocrx_word' id='word_1_318' title='bbox 613 2398 756 2454; x_wconf 89' lang='lat' dir='ltr'><strong>volumine</strong></span> <span class='ocrx_word' id='word_1_319' title='bbox 777 2406 869 2456; x_wconf 90' lang='lat' dir='ltr'><strong>trans-</strong></span> <span class='ocrx_word' id='word_1_320' title='bbox 922 2403 1086 2458; x_wconf 90' lang='lat' dir='ltr'><strong>secularium</strong></span> <span class='ocrx_word' id='word_1_321' title='bbox 1103 2408 1242 2467; x_wconf 86' lang='lat' dir='ltr'><strong>caverent,</strong></span> <span class='ocrx_word' id='word_1_322' title='bbox 1266 2407 1370 2456; x_wconf 93' lang='lat' dir='ltr'><strong>utnon</strong></span> <span class='ocrx_word' id='word_1_323' title='bbox 1390 2401 1479 2456; x_wconf 92' lang='lat' dir='ltr'><strong>solum</strong></span> <span class='ocrx_word' id='word_1_324' title='bbox 1496 2417 1587 2456; x_wconf 90' lang='lat' dir='ltr'><strong>coram</strong></span> <span class='ocrx_word' id='word_1_325' title='bbox 1612 2403 1666 2456; x_wconf 78' lang='lat' dir='ltr'><strong>lico</strong></span> <span class='ocrx_word' id='word_1_326' title='bbox 1679 2400 1728 2456; x_wconf 93' lang='lat' dir='ltr'><strong>sed</strong></span> 
     </span>
     <span class='ocr_line' id='line_1_25' title="bbox 59 2490 1730 2565; baseline 0.002 -20"><span class='ocrx_word' id='word_1_327' title='bbox 59 2490 214 2561; x_wconf 72' lang='lat' dir='ltr'><strong>scripsit³⁴⁰</strong></span> <span class='ocrx_word' id='word_1_328' title='bbox 230 2491 371 2546; x_wconf 85' lang='lat' dir='ltr'><strong>historiam</strong></span> <span class='ocrx_word' id='word_1_329' title='bbox 399 2493 472 2547; x_wconf 71' lang='lat' dir='ltr'><strong>Et⁷³⁰</strong></span> <span class='ocrx_word' id='word_1_330' title='bbox 488 2493 588 2549; x_wconf 85' lang='lat' dir='ltr'><strong>divinae</strong></span> <span class='ocrx_word' id='word_1_331' title='bbox 601 2493 712 2565; x_wconf 89' lang='lat' dir='ltr'><strong>quidem</strong></span> <span class='ocrx_word' id='word_1_332' title='bbox 729 2493 870 2563; x_wconf 79' lang='lat' dir='ltr'><strong>scripturae</strong></span> <span class='ocrx_word' id='word_1_333' title='bbox 921 2496 1002 2552; x_wconf 88' lang='lat' dir='ltr'><strong>etiam</strong></span> <span class='ocrx_word' id='word_1_334' title='bbox 1020 2512 1110 2550; x_wconf 90' lang='lat' dir='ltr'><strong>coram</strong></span> <span class='ocrx_word' id='word_1_335' title='bbox 1125 2494 1287 2549; x_wconf 92' lang='lat' dir='ltr'><strong>hominibus</strong></span> <span class='ocrx_word' id='word_1_336' title='bbox 1301 2494 1374 2548; x_wconf 82' lang='lat' dir='ltr'><strong>iroua</strong></span> <span class='ocrx_word' id='word_1_337' title='bbox 1388 2494 1575 2564; x_wconf 80' lang='lat' dir='ltr'><strong>providerent,</strong></span> <span class='ocrx_word' id='word_1_338' title='bbox 1591 2501 1619 2548; x_wconf 93' lang='lat' dir='ltr'><strong>et</strong></span> <span class='ocrx_word' id='word_1_339' title='bbox 1632 2500 1730 2549; x_wconf 88' lang='lat' dir='ltr'><strong>caetera</strong></span> 
     </span>
     <span class='ocr_line' id='line_1_26' title="bbox 60 2579 1727 2661; baseline 0.001 -26"><span class='ocrx_word' id='word_1_340' title='bbox 60 2579 122 2650; x_wconf 92' lang='lat' dir='ltr'><strong>plus</strong></span> <span class='ocrx_word' id='word_1_341' title='bbox 154 2597 235 2653; x_wconf 90' lang='lat' dir='ltr'><strong>quam</strong></span> <span class='ocrx_word' id='word_1_342' title='bbox 255 2591 365 2636; x_wconf 91' lang='lat' dir='ltr'><strong>centum</strong></span> <span class='ocrx_word' id='word_1_343' title='bbox 395 2584 536 2656; x_wconf 85' lang='lat' dir='ltr'><strong>congessit</strong></span> <span class='ocrx_word' id='word_1_344' title='bbox 554 2583 711 2648; x_wconf 80' lang='lat' dir='ltr'><strong>volumiua;</strong></span> <span class='ocrx_word' id='word_1_345' title='bbox 739 2582 871 2638; x_wconf 86' lang='lat' dir='ltr'><strong>secularis</strong></span> <span class='ocrx_word' id='word_1_346' title='bbox 922 2587 950 2641; x_wconf 90' lang='lat' dir='ltr'><strong>id</strong></span> <span class='ocrx_word' id='word_1_347' title='bbox 965 2591 1063 2661; x_wconf 83' lang='lat' dir='ltr'><strong>genus,</strong></span> <span class='ocrx_word' id='word_1_348' title='bbox 1078 2599 1139 2655; x_wconf 87' lang='lat' dir='ltr'><strong>quae</strong></span> <span class='ocrx_word' id='word_1_349' title='bbox 1155 2583 1192 2655; x_wconf 90' lang='lat' dir='ltr'><strong>pii</strong></span> <span class='ocrx_word' id='word_1_350' title='bbox 1210 2593 1237 2638; x_wconf 92' lang='lat' dir='ltr'><strong>et</strong></span> <span class='ocrx_word' id='word_1_351' title='bbox 1251 2582 1386 2652; x_wconf 86' lang='lat' dir='ltr'><strong>sapientis</strong></span> <span class='ocrx_word' id='word_1_352' title='bbox 1402 2582 1452 2635; x_wconf 87' lang='lat' dir='ltr'><strong>viri</strong></span> <span class='ocrx_word' id='word_1_353' title='bbox 1469 2581 1727 2653; x_wconf 89' lang='lat' dir='ltr'><strong>eructabatpcctus.</strong></span> 
     </span>
     <span class='ocr_line' id='line_1_27' title="bbox 59 2675 1729 2753; baseline 0.001 -23"><span class='ocrx_word' id='word_1_354' title='bbox 59 2691 126 2731; x_wconf 90' lang='lat' dir='ltr'><strong>vero</strong></span> <span class='ocrx_word' id='word_1_355' title='bbox 142 2675 296 2747; x_wconf 84' lang='lat' dir='ltr'><strong>disciplinae</strong></span> <span class='ocrx_word' id='word_1_356' title='bbox 308 2677 394 2732; x_wconf 89' lang='lat' dir='ltr'><strong>libros</strong></span> <span class='ocrx_word' id='word_1_357' title='bbox 408 2679 619 2753; x_wconf 83' lang='lat' dir='ltr'><strong>quinquaginta.</strong></span> <span class='ocrx_word' id='word_1_358' title='bbox 632 2679 786 2735; x_wconf 85' lang='lat' dir='ltr'><strong>lliraudum</strong></span> <span class='ocrx_word' id='word_1_359' title='bbox 802 2694 870 2733; x_wconf 90' lang='lat' dir='ltr'><strong>saue</strong></span> <span class='ocrx_word' id='word_1_360' title='bbox 923 2683 993 2736; x_wconf 91' lang='lat' dir='ltr'><strong>inter</strong></span> <span class='ocrx_word' id='word_1_361' title='bbox 1009 2680 1177 2752; x_wconf 88' lang='lat' dir='ltr'><strong>loquendum</strong></span> <span class='ocrx_word' id='word_1_362' title='bbox 1194 2686 1255 2732; x_wconf 90' lang='lat' dir='ltr'><strong>ante</strong></span> <span class='ocrx_word' id='word_1_363' title='bbox 1271 2677 1356 2732; x_wconf 89' lang='lat' dir='ltr'><strong>altare</strong></span> <span class='ocrx_word' id='word_1_364' title='bbox 1371 2676 1457 2731; x_wconf 88' lang='lat' dir='ltr'><strong>sancti</strong></span> <span class='ocrx_word' id='word_1_365' title='bbox 1474 2677 1544 2731; x_wconf 89' lang='lat' dir='ltr'><strong>Petri</strong></span> <span class='ocrx_word' id='word_1_366' title='bbox 1566 2692 1614 2731; x_wconf 89' lang='lat' dir='ltr'><strong>eos</strong></span> <span class='ocrx_word' id='word_1_367' title='bbox 1633 2675 1729 2733; x_wconf 88' lang='lat' dir='ltr'><strong>eduvit</strong></span> 
     </span>
     <span class='ocr_line' id='line_1_28' title="bbox 62 2761 1728 2840; baseline -0.001 -18"><span class='ocrx_word' id='word_1_368' title='bbox 62 2761 150 2822; x_wconf 87' lang='lat' dir='ltr'><strong>uuum</strong></span> <span class='ocrx_word' id='word_1_369' title='bbox 184 2768 325 2823; x_wconf 89' lang='lat' dir='ltr'><strong>bominem</strong></span> <span class='ocrx_word' id='word_1_370' title='bbox 358 2768 488 2824; x_wconf 91' lang='lat' dir='ltr'><strong>intanta</strong></span> <span class='ocrx_word' id='word_1_371' title='bbox 517 2771 649 2826; x_wconf 89' lang='lat' dir='ltr'><strong>tenuitate</strong></span> <span class='ocrx_word' id='word_1_372' title='bbox 678 2786 768 2825; x_wconf 90' lang='lat' dir='ltr'><strong>rerum</strong></span> <span class='ocrx_word' id='word_1_373' title='bbox 798 2774 873 2823; x_wconf 90' lang='lat' dir='ltr'><strong>tanta</strong></span> <span class='ocrx_word' id='word_1_374' title='bbox 924 2788 987 2826; x_wconf 91' lang='lat' dir='ltr'><strong>cum</strong></span> <span class='ocrx_word' id='word_1_375' title='bbox 1023 2768 1174 2840; x_wconf 84' lang='lat' dir='ltr'><strong>psalmodia</strong></span> <span class='ocrx_word' id='word_1_376' title='bbox 1214 2777 1241 2821; x_wconf 93' lang='lat' dir='ltr'><strong>et</strong></span> <span class='ocrx_word' id='word_1_377' title='bbox 1283 2765 1408 2822; x_wconf 91' lang='lat' dir='ltr'><strong>oratione</strong></span> <span class='ocrx_word' id='word_1_378' title='bbox 1447 2774 1586 2837; x_wconf 86' lang='lat' dir='ltr'><strong>pastorum</strong></span> <span class='ocrx_word' id='word_1_379' title='bbox 1626 2765 1728 2837; x_wconf 89' lang='lat' dir='ltr'><strong>pastori</strong></span> 
     </span>
     <span class='ocr_line' id='line_1_29' title="bbox 59 2856 1729 2932; baseline -0.006 -20"><span class='ocrx_word' id='word_1_380' title='bbox 59 2856 183 2927; x_wconf 87' lang='lat' dir='ltr'><strong>potuisse</strong></span> <span class='ocrx_word' id='word_1_381' title='bbox 203 2873 375 2928; x_wconf 90' lang='lat' dir='ltr'><strong>comparare,</strong></span> <span class='ocrx_word' id='word_1_382' title='bbox 398 2859 452 2913; x_wconf 91' lang='lat' dir='ltr'><strong>nisi</strong></span> <span class='ocrx_word' id='word_1_383' title='bbox 469 2866 625 2915; x_wconf 88' lang='lat' dir='ltr'><strong>occurreret</strong></span> <span class='ocrx_word' id='word_1_384' title='bbox 645 2860 749 2924; x_wconf 91' lang='lat' dir='ltr'><strong>auimo,</strong></span> <span class='ocrx_word' id='word_1_385' title='bbox 771 2859 869 2913; x_wconf 89' lang='lat' dir='ltr'><strong>timen-</strong></span> <span class='ocrx_word' id='word_1_386' title='bbox 924 2881 973 2921; x_wconf 64' lang='grc' dir='ltr'><strong>ρος</strong></span> <span class='ocrx_word' id='word_1_387' title='bbox 997 2863 1211 2927; x_wconf 76' lang='lat' dir='ltr'><strong>commendavit,</strong></span> <span class='ocrx_word' id='word_1_388' title='bbox 1240 2863 1273 2916; x_wconf 90' lang='lat' dir='ltr'><strong>ab</strong></span> <span class='ocrx_word' id='word_1_389' title='bbox 1306 2862 1435 2917; x_wconf 91' lang='lat' dir='ltr'><strong>omuibus</strong></span> <span class='ocrx_word' id='word_1_390' title='bbox 1455 2861 1610 2916; x_wconf 89' lang='lat' dir='ltr'><strong>commissis</strong></span> <span class='ocrx_word' id='word_1_391' title='bbox 1635 2870 1729 2932; x_wconf 68' lang='lat' dir='ltr'><strong>pasto.</strong></span> 
     </span>
     <span class='ocr_line' id='line_1_30' title="bbox 59 2945 1730 3029; baseline 0.007 -30"><span class='ocrx_word' id='word_1_392' title='bbox 59 2945 138 3000; x_wconf 89' lang='lat' dir='ltr'><strong>tibus</strong></span> <span class='ocrx_word' id='word_1_393' title='bbox 148 2946 232 3001; x_wconf 87' lang='lat' dir='ltr'><strong>lteum</strong></span> <span class='ocrx_word' id='word_1_394' title='bbox 248 2948 317 3002; x_wconf 89' lang='lat' dir='ltr'><strong>nihil</strong></span> <span class='ocrx_word' id='word_1_395' title='bbox 333 2948 443 3003; x_wconf 90' lang='lat' dir='ltr'><strong>deesse.</strong></span> <span class='ocrx_word' id='word_1_396' title='bbox 923 2959 972 3013; x_wconf 91' lang='lat' dir='ltr'><strong>rali</strong></span> <span class='ocrx_word' id='word_1_397' title='bbox 989 2964 1125 3029; x_wconf 88' lang='lat' dir='ltr'><strong>potestate</strong></span> <span class='ocrx_word' id='word_1_398' title='bbox 1150 2957 1279 3023; x_wconf 87' lang='lat' dir='ltr'><strong>absolvit,</strong></span> <span class='ocrx_word' id='word_1_399' title='bbox 1307 2961 1334 3010; x_wconf 92' lang='lat' dir='ltr'><strong>et</strong></span> <span class='ocrx_word' id='word_1_400' title='bbox 1353 2954 1488 3025; x_wconf 90' lang='lat' dir='ltr'><strong>spirituali</strong></span> <span class='ocrx_word' id='word_1_401' title='bbox 1512 2953 1730 3010; x_wconf 83' lang='lat' dir='ltr'><strong>sanctificatione</strong></span> 
     </span>
    </p>
   </div>
   <div class='ocr_carea' id='block_1_3' title="bbox 58 3039 1734 3491">
    <p class='ocr_par' dir='ltr' id='par_1_4' title="bbox 58 3039 1734 3491">
     <span class='ocr_line' id='line_1_31' title="bbox 95 3039 1731 3146; baseline 0.006 -54"><span class='ocrx_word' id='word_1_402' title='bbox 95 3039 142 3095; x_wconf 74' lang='lat' dir='ltr'><strong>ld.</strong></span> <span class='ocrx_word' id='word_1_403' title='bbox 161 3039 218 3114; x_wconf 89' lang='lat' dir='ltr'><strong>Ego</strong></span> <span class='ocrx_word' id='word_1_404' title='bbox 239 3056 306 3095; x_wconf 91' lang='lat' dir='ltr'><strong>sane</strong></span> <span class='ocrx_word' id='word_1_405' title='bbox 326 3041 391 3095; x_wconf 87' lang='lat' dir='ltr'><strong>darn</strong></span> <span class='ocrx_word' id='word_1_406' title='bbox 412 3040 566 3096; x_wconf 89' lang='lat' dir='ltr'><strong>studiorum</strong></span> <span class='ocrx_word' id='word_1_407' title='bbox 593 3041 699 3114; x_wconf 82' lang='lat' dir='ltr'><strong>ingenii</strong></span> <span class='ocrx_word' id='word_1_408' title='bbox 726 3047 752 3096; x_wconf 87' lang='lat' dir='ltr'><strong>et</strong></span> <span class='ocrx_word' id='word_1_409' title='bbox 767 3040 869 3096; x_wconf 90' lang='lat' dir='ltr'><strong>laboris</strong></span> <span class='ocrx_word' id='word_1_410' title='bbox 883 3076 908 3146; x_wconf 74' lang='lat' dir='ltr'>C</span> <span class='ocrx_word' id='word_1_411' title='bbox 920 3051 1071 3106; x_wconf 69' lang='lat' dir='ltr'><strong>benedixit,</strong></span> <span class='ocrx_word' id='word_1_412' title='bbox 1093 3049 1123 3103; x_wconf 85' lang='lat' dir='ltr'><strong>Et</strong></span> <span class='ocrx_word' id='word_1_413' title='bbox 1140 3056 1168 3104; x_wconf 92' lang='lat' dir='ltr'><strong>ut</strong></span> <span class='ocrx_word' id='word_1_414' title='bbox 1184 3049 1310 3104; x_wconf 86' lang='lat' dir='ltr'><strong>ultimum</strong></span> <span class='ocrx_word' id='word_1_415' title='bbox 1324 3048 1384 3104; x_wconf 90' lang='lat' dir='ltr'><strong>vale</strong></span> <span class='ocrx_word' id='word_1_416' title='bbox 1407 3063 1463 3103; x_wconf 92' lang='lat' dir='ltr'><strong>uon</strong></span> <span class='ocrx_word' id='word_1_417' title='bbox 1479 3047 1540 3101; x_wconf 89' lang='lat' dir='ltr'><strong>sine</strong></span> <span class='ocrx_word' id='word_1_418' title='bbox 1555 3046 1675 3102; x_wconf 90' lang='lat' dir='ltr'><strong>lacrimis</strong></span> <span class='ocrx_word' id='word_1_419' title='bbox 1690 3046 1731 3102; x_wconf 85' lang='lat' dir='ltr'><strong>cis</strong></span> 
     </span>
     <span class='ocr_line' id='line_1_32' title="bbox 59 3135 1730 3210; baseline 0.001 -20"><span class='ocrx_word' id='word_1_420' title='bbox 59 3135 131 3190; x_wconf 91' lang='lat' dir='ltr'><strong>tanti</strong></span> <span class='ocrx_word' id='word_1_421' title='bbox 150 3135 200 3190; x_wconf 88' lang='lat' dir='ltr'><strong>viri</strong></span> <span class='ocrx_word' id='word_1_422' title='bbox 230 3136 372 3201; x_wconf 89' lang='lat' dir='ltr'><strong>recordor,</strong></span> <span class='ocrx_word' id='word_1_423' title='bbox 399 3137 513 3193; x_wconf 91' lang='lat' dir='ltr'><strong>omniuo</strong></span> <span class='ocrx_word' id='word_1_424' title='bbox 533 3136 664 3199; x_wconf 88' lang='lat' dir='ltr'><strong>demiror,</strong></span> <span class='ocrx_word' id='word_1_425' title='bbox 688 3136 762 3208; x_wconf 92' lang='lat' dir='ltr'><strong>quod</strong></span> <span class='ocrx_word' id='word_1_426' title='bbox 783 3137 811 3190; x_wconf 95' lang='lat' dir='ltr'><strong>in</strong></span> <span class='ocrx_word' id='word_1_427' title='bbox 838 3151 871 3192; x_wconf 91' lang='lat' dir='ltr'><strong>eo</strong></span> <span class='ocrx_word' id='word_1_428' title='bbox 923 3141 996 3202; x_wconf 87' lang='lat' dir='ltr'><strong>lecit,</strong></span> <span class='ocrx_word' id='word_1_429' title='bbox 1025 3139 1158 3194; x_wconf 77' lang='lat' dir='ltr'><strong>leodium</strong></span> <span class='ocrx_word' id='word_1_430' title='bbox 1178 3138 1255 3192; x_wconf 91' lang='lat' dir='ltr'><strong>abiit.</strong></span> <span class='ocrx_word' id='word_1_431' title='bbox 1274 3138 1426 3210; x_wconf 81' lang='lat' dir='ltr'><strong>Urgebatur</strong></span> <span class='ocrx_word' id='word_1_432' title='bbox 1445 3137 1518 3191; x_wconf 91' lang='lat' dir='ltr'><strong>enim</strong></span> <span class='ocrx_word' id='word_1_433' title='bbox 1539 3137 1608 3191; x_wconf 91' lang='lat' dir='ltr'><strong>tristi</strong></span> <span class='ocrx_word' id='word_1_434' title='bbox 1634 3135 1730 3192; x_wconf 90' lang='lat' dir='ltr'><strong>nuntio</strong></span> 
     </span>
     <span class='ocr_line' id='line_1_33' title="bbox 59 3223 1731 3305; baseline 0.002 -26"><span class='ocrx_word' id='word_1_435' title='bbox 59 3223 180 3305; x_wconf 80' lang='lat' dir='ltr'><strong>gaminae</strong></span> <span class='ocrx_word' id='word_1_436' title='bbox 204 3226 327 3280; x_wconf 70' lang='lat' dir='ltr'><strong>scientiae</strong></span> <span class='ocrx_word' id='word_1_437' title='bbox 353 3233 406 3280; x_wconf 93' lang='lat' dir='ltr'><strong>tam</strong></span> <span class='ocrx_word' id='word_1_438' title='bbox 433 3226 545 3299; x_wconf 78' lang='lat' dir='ltr'><strong>egregie</strong></span> <span class='ocrx_word' id='word_1_439' title='bbox 565 3227 694 3281; x_wconf 90' lang='lat' dir='ltr'><strong>claruerit</strong></span> <span class='ocrx_word' id='word_1_440' title='bbox 724 3227 757 3262; x_wconf 70' lang='lat'><strong>³⁵¹</strong></span> <span class='ocrx_word' id='word_1_441' title='bbox 782 3227 870 3300; x_wconf 79' lang='lat' dir='ltr'><strong>vigor·</strong></span> <span class='ocrx_word' id='word_1_442' title='bbox 923 3233 957 3288; x_wconf 88' lang='lat' dir='ltr'><strong>de</strong></span> <span class='ocrx_word' id='word_1_443' title='bbox 972 3231 1130 3287; x_wconf 83' lang='lat' dir='ltr'><strong>infirmitate</strong></span> <span class='ocrx_word' id='word_1_444' title='bbox 1146 3230 1257 3303; x_wconf 80' lang='lat' dir='ltr'><strong>gloriosi</strong></span> <span class='ocrx_word' id='word_1_445' title='bbox 1283 3229 1408 3301; x_wconf 90' lang='lat' dir='ltr'><strong>episcopi</strong></span> <span class='ocrx_word' id='word_1_446' title='bbox 1432 3228 1586 3292; x_wconf 77' lang='lat' dir='ltr'><strong>WathoniS,</strong></span> <span class='ocrx_word' id='word_1_447' title='bbox 1602 3229 1646 3283; x_wconf 92' lang='lat' dir='ltr'><strong>cui</strong></span> <span class='ocrx_word' id='word_1_448' title='bbox 1672 3228 1731 3298; x_wconf 86' lang='lat' dir='ltr'><strong>ipse</strong></span> 
     </span>
     <span class='ocr_line' id='line_1_34' title="bbox 58 3315 1732 3388; baseline 0.001 -19"><span class='ocrx_word' id='word_1_449' title='bbox 58 3315 81 3369; x_wconf 89' lang='grc' dir='ltr'><strong>Λ</strong></span> <span class='ocrx_word' id='word_1_450' title='bbox 96 3331 184 3387; x_wconf 89' lang='lat' dir='ltr'><strong>puero</strong></span> <span class='ocrx_word' id='word_1_451' title='bbox 200 3318 273 3372; x_wconf 87' lang='lat' dir='ltr'><strong>enirn</strong></span> <span class='ocrx_word' id='word_1_452' title='bbox 295 3319 321 3372; x_wconf 89' lang='lat' dir='ltr'><strong>in</strong></span> <span class='ocrx_word' id='word_1_453' title='bbox 338 3318 490 3373; x_wconf 89' lang='lat' dir='ltr'><strong>solitudine</strong></span> <span class='ocrx_word' id='word_1_454' title='bbox 505 3319 644 3373; x_wconf 92' lang='lat' dir='ltr'><strong>claustrali</strong></span> <span class='ocrx_word' id='word_1_455' title='bbox 659 3318 803 3387; x_wconf 88' lang='lat' dir='ltr'><strong>educatus,</strong></span> <span class='ocrx_word' id='word_1_456' title='bbox 818 3327 872 3373; x_wconf 90' lang='lat' dir='ltr'><strong>tarn</strong></span> <span class='ocrx_word' id='word_1_457' title='bbox 923 3322 1005 3377; x_wconf 86' lang='lat' dir='ltr'><strong>etiarn</strong></span> <span class='ocrx_word' id='word_1_458' title='bbox 1020 3323 1071 3376; x_wconf 92' lang='lat' dir='ltr'><strong>hoc</strong></span> <span class='ocrx_word' id='word_1_459' title='bbox 1086 3320 1206 3375; x_wconf 85' lang='lat' dir='ltr'><strong>debebat</strong></span> <span class='ocrx_word' id='word_1_460' title='bbox 1227 3326 1328 3388; x_wconf 79' lang='lat' dir='ltr'><strong>praeter</strong></span> <span class='ocrx_word' id='word_1_461' title='bbox 1346 3317 1529 3373; x_wconf 88' lang='lat' dir='ltr'><strong>reverentiam</strong></span> <span class='ocrx_word' id='word_1_462' title='bbox 1550 3316 1650 3371; x_wconf 85' lang='lat' dir='ltr'><strong>debitae</strong></span> <span class='ocrx_word' id='word_1_463' title='bbox 1665 3315 1732 3371; x_wconf 92' lang='lat' dir='ltr'><strong>sub·</strong></span> 
     </span>
     <span class='ocr_line' id='line_1_35' title="bbox 58 3405 1734 3491; baseline -0.002 -25"><span class='ocrx_word' id='word_1_464' title='bbox 58 3410 161 3491; x_wconf 79' lang='lat' dir='ltr'><strong>sollers</strong></span> <span class='ocrx_word' id='word_1_465' title='bbox 185 3419 213 3466; x_wconf 90' lang='lat' dir='ltr'><strong>et</strong></span> <span class='ocrx_word' id='word_1_466' title='bbox 233 3412 356 3481; x_wconf 90' lang='lat' dir='ltr'><strong>prudeus</strong></span> <span class='ocrx_word' id='word_1_467' title='bbox 370 3418 500 3481; x_wconf 79' lang='lat' dir='ltr'><strong>apparuit</strong></span> <span class='ocrx_word' id='word_1_468' title='bbox 529 3410 557 3464; x_wconf 93' lang='lat' dir='ltr'><strong>in</strong></span> <span class='ocrx_word' id='word_1_469' title='bbox 584 3411 768 3481; x_wconf 88' lang='lat' dir='ltr'><strong>disponendis</strong></span> <span class='ocrx_word' id='word_1_470' title='bbox 792 3429 876 3466; x_wconf 94' lang='lat' dir='ltr'><strong>mun-</strong></span> <span class='ocrx_word' id='word_1_471' title='bbox 923 3414 1054 3485; x_wconf 71' lang='lat' dir='ltr'><strong>iectionis</strong></span> <span class='ocrx_word' id='word_1_472' title='bbox 1073 3412 1147 3482; x_wconf 92' lang='lat' dir='ltr'><strong>quod</strong></span> <span class='ocrx_word' id='word_1_473' title='bbox 1162 3412 1222 3479; x_wconf 85' lang='lat' dir='ltr'><strong>ejus</strong></span> <span class='ocrx_word' id='word_1_474' title='bbox 1241 3408 1448 3480; x_wconf 89' lang='lat' dir='ltr'><strong>condiscipulus</strong></span> <span class='ocrx_word' id='word_1_475' title='bbox 1462 3415 1488 3462; x_wconf 93' lang='lat' dir='ltr'><strong>et</strong></span> <span class='ocrx_word' id='word_1_476' title='bbox 1508 3424 1522 3461; x_wconf 92' lang='lat' dir='ltr'><strong>a</strong></span> <span class='ocrx_word' id='word_1_477' title='bbox 1542 3423 1629 3477; x_wconf 91' lang='lat' dir='ltr'><strong>puero</strong></span> <span class='ocrx_word' id='word_1_478' title='bbox 1646 3405 1734 3462; x_wconf 90' lang='lat' dir='ltr'><strong>luerat</strong></span> 
     </span>
    </p>
   </div>
   <div class='ocr_carea' id='block_1_4' title="bbox 55 3498 876 3660">
    <p class='ocr_par' dir='ltr' id='par_1_5' title="bbox 55 3498 876 3660">
     <span class='ocr_line' id='line_1_36' title="bbox 55 3498 874 3570; baseline -0.002 -15"><span class='ocrx_word' id='word_1_479' title='bbox 55 3499 140 3555; x_wconf 85' lang='lat' dir='ltr'><strong>danis</strong></span> <span class='ocrx_word' id='word_1_480' title='bbox 155 3500 249 3565; x_wconf 89' lang='lat' dir='ltr'><strong>rebus,</strong></span> <span class='ocrx_word' id='word_1_481' title='bbox 272 3507 301 3554; x_wconf 94' lang='lat' dir='ltr'><strong>ut</strong></span> <span class='ocrx_word' id='word_1_482' title='bbox 316 3499 360 3552; x_wconf 87' lang='lat' dir='ltr'><strong>vix</strong></span> <span class='ocrx_word' id='word_1_483' title='bbox 376 3498 477 3570; x_wconf 90' lang='lat' dir='ltr'><strong>aliquis</strong></span> <span class='ocrx_word' id='word_1_484' title='bbox 505 3498 670 3554; x_wconf 84' lang='lat' dir='ltr'><strong>secularium</strong></span> <span class='ocrx_word' id='word_1_485' title='bbox 691 3498 834 3555; x_wconf 86' lang='lat' dir='ltr'><strong>videretur</strong></span> <span class='ocrx_word' id='word_1_486' title='bbox 849 3499 874 3555; x_wconf 92' lang='lat' dir='ltr'><strong>ei</strong></span> 
     </span>
     <span class='ocr_line' id='line_1_37' title="bbox 56 3586 876 3660; baseline -0.001 -17"><span class='ocrx_word' id='word_1_487' title='bbox 56 3587 261 3660; x_wconf 67' lang='lat' dir='ltr'><strong>praeferendus.</strong></span> <span class='ocrx_word' id='word_1_488' title='bbox 288 3587 319 3641; x_wconf 84' lang='lat' dir='ltr'><strong>Et</strong></span> <span class='ocrx_word' id='word_1_489' title='bbox 346 3593 441 3642; x_wconf 86' lang='lat' dir='ltr'><strong>contra</strong></span> <span class='ocrx_word' id='word_1_490' title='bbox 479 3586 544 3642; x_wconf 94' lang='lat' dir='ltr'><strong>dum</strong></span> <span class='ocrx_word' id='word_1_491' title='bbox 576 3603 605 3642; x_wconf 91' lang='lat' dir='ltr'><strong>se</strong></span> <span class='ocrx_word' id='word_1_492' title='bbox 637 3587 816 3659; x_wconf 88' lang='lat' dir='ltr'><strong>restringeret</strong></span> <span class='ocrx_word' id='word_1_493' title='bbox 842 3588 876 3642; x_wconf 89' lang='lat' dir='ltr'><strong>ad</strong></span> 
     </span>
    </p>
   </div>
   <div class='ocr_carea' id='block_1_5' title="bbox 926 3497 1733 3567">
    <p class='ocr_par' dir='ltr' id='par_1_6' title="bbox 926 3497 1733 3567">
     <span class='ocr_line' id='line_1_38' title="bbox 926 3497 1733 3567; baseline -0.011 -3"><span class='ocrx_word' id='word_1_494' title='bbox 926 3504 1142 3567; x_wconf 87' lang='lat' dir='ltr'><strong>contubernalis,</strong></span> <span class='ocrx_word' id='word_1_495' title='bbox 1168 3512 1195 3558; x_wconf 90' lang='lat' dir='ltr'><strong>ct</strong></span> <span class='ocrx_word' id='word_1_496' title='bbox 1215 3503 1249 3556; x_wconf 88' lang='lat' dir='ltr'><strong>ab</strong></span> <span class='ocrx_word' id='word_1_497' title='bbox 1269 3502 1333 3556; x_wconf 93' lang='lat' dir='ltr'><strong>iude</strong></span> <span class='ocrx_word' id='word_1_498' title='bbox 1354 3501 1421 3556; x_wconf 86' lang='lat' dir='ltr'><strong>inita</strong></span> <span class='ocrx_word' id='word_1_499' title='bbox 1446 3500 1518 3555; x_wconf 91' lang='lat' dir='ltr'><strong>inter</strong></span> <span class='ocrx_word' id='word_1_500' title='bbox 1532 3515 1580 3554; x_wconf 91' lang='lat' dir='ltr'><strong>eos</strong></span> <span class='ocrx_word' id='word_1_501' title='bbox 1603 3497 1733 3555; x_wconf 79' lang='lat' dir='ltr'><strong>amicitiae</strong></span> 
     </span>
    </p>
   </div>
   <div class='ocr_carea' id='block_1_6' title="bbox 58 3677 881 4405">
    <p class='ocr_par' dir='ltr' id='par_1_7' title="bbox 58 3677 881 4405">
     <span class='ocr_line' id='line_1_39' title="bbox 58 3677 878 3755; baseline -0.002 -20"><span class='ocrx_word' id='word_1_502' title='bbox 58 3678 183 3755; x_wconf 82' lang='lat' dir='ltr'><strong>rigorem</strong></span> <span class='ocrx_word' id='word_1_503' title='bbox 209 3679 370 3732; x_wconf 79' lang='lat' dir='ltr'><strong>monasticar</strong></span> <span class='ocrx_word' id='word_1_504' title='bbox 401 3678 629 3741; x_wconf 87' lang='lat' dir='ltr'><strong>conversationis,</strong></span> <span class='ocrx_word' id='word_1_505' title='bbox 658 3678 685 3732; x_wconf 94' lang='lat' dir='ltr'><strong>id</strong></span> <span class='ocrx_word' id='word_1_506' title='bbox 713 3677 772 3749; x_wconf 88' lang='lat' dir='ltr'><strong>ipse</strong></span> <span class='ocrx_word' id='word_1_507' title='bbox 805 3679 878 3734; x_wconf 92' lang='lat' dir='ltr'><strong>inter</strong></span> 
     </span>
     <span class='ocr_line' id='line_1_40' title="bbox 58 3766 878 3838; baseline -0.002 -15"><span class='ocrx_word' id='word_1_508' title='bbox 58 3767 208 3838; x_wconf 87' lang='lat' dir='ltr'><strong>strepitum</strong></span> <span class='ocrx_word' id='word_1_509' title='bbox 233 3767 435 3822; x_wconf 82' lang='lat' dir='ltr'><strong>aecclesiasticae</strong></span> <span class='ocrx_word' id='word_1_510' title='bbox 450 3767 653 3838; x_wconf 90' lang='lat' dir='ltr'><strong>procurationis</strong></span> <span class='ocrx_word' id='word_1_511' title='bbox 669 3766 798 3838; x_wconf 85' lang='lat' dir='ltr'><strong>cvplebst</strong></span> <span class='ocrx_word' id='word_1_512' title='bbox 812 3767 878 3822; x_wconf 91' lang='lat' dir='ltr'><strong>sub-</strong></span> 
     </span>
     <span class='ocr_line' id='line_1_41' title="bbox 61 3860 879 3934; baseline 0 -18"><span class='ocrx_word' id='word_1_513' title='bbox 61 3860 160 3916; x_wconf 88' lang='lat' dir='ltr'><strong>sicivis</strong></span> <span class='ocrx_word' id='word_1_514' title='bbox 174 3860 276 3931; x_wconf 90' lang='lat' dir='ltr'><strong>operis,</strong></span> <span class='ocrx_word' id='word_1_515' title='bbox 289 3861 416 3932; x_wconf 72' lang='lat' dir='ltr'><strong>quodvis</strong></span> <span class='ocrx_word' id='word_1_516' title='bbox 428 3861 528 3932; x_wconf 88' lang='lat' dir='ltr'><strong>aliquis</strong></span> <span class='ocrx_word' id='word_1_517' title='bbox 538 3861 607 3915; x_wconf 86' lang='lat' dir='ltr'><strong>alter</strong></span> <span class='ocrx_word' id='word_1_518' title='bbox 619 3860 768 3934; x_wconf 86' lang='lat' dir='ltr'><strong>attingeret</strong></span> <span class='ocrx_word' id='word_1_519' title='bbox 778 3876 879 3916; x_wconf 89' lang='lat' dir='ltr'><strong>vacans</strong></span> 
     </span>
     <span class='ocr_line' id='line_1_42' title="bbox 63 3954 879 4027; baseline 0 -15"><span class='ocrx_word' id='word_1_520' title='bbox 63 3954 124 4012; x_wconf 82' lang='lat' dir='ltr'><strong>Deo</strong></span> <span class='ocrx_word' id='word_1_521' title='bbox 139 3957 168 4010; x_wconf 93' lang='lat' dir='ltr'><strong>in</strong></span> <span class='ocrx_word' id='word_1_522' title='bbox 187 3956 309 4027; x_wconf 91' lang='lat' dir='ltr'><strong>quietem</strong></span> <span class='ocrx_word' id='word_1_523' title='bbox 329 3957 487 4012; x_wconf 79' lang='lat' dir='ltr'><strong>monasticae</strong></span> <span class='ocrx_word' id='word_1_524' title='bbox 507 3957 675 4013; x_wconf 90' lang='lat' dir='ltr'><strong>solitudinis.</strong></span> <span class='ocrx_word' id='word_1_525' title='bbox 697 3956 752 4012; x_wconf 91' lang='lat' dir='ltr'><strong>Nec</strong></span> <span class='ocrx_word' id='word_1_526' title='bbox 778 3956 879 4012; x_wconf 82' lang='lat' dir='ltr'><strong>frustra</strong></span> 
     </span>
     <span class='ocr_line' id='line_1_43' title="bbox 64 4046 879 4121; baseline 0.006 -18"><span class='ocrx_word' id='word_1_527' title='bbox 64 4046 141 4103; x_wconf 80' lang='lat' dir='ltr'><strong>lama</strong></span> <span class='ocrx_word' id='word_1_528' title='bbox 163 4049 284 4104; x_wconf 89' lang='lat' dir='ltr'><strong>nominis</strong></span> <span class='ocrx_word' id='word_1_529' title='bbox 309 4050 368 4119; x_wconf 87' lang='lat' dir='ltr'><strong>ejus</strong></span> <span class='ocrx_word' id='word_1_530' title='bbox 395 4050 499 4121; x_wconf 91' lang='lat' dir='ltr'><strong>ubique</strong></span> <span class='ocrx_word' id='word_1_531' title='bbox 527 4051 709 4120; x_wconf 89' lang='lat' dir='ltr'><strong>discurrebat,</strong></span> <span class='ocrx_word' id='word_1_532' title='bbox 731 4054 765 4108; x_wconf 90' lang='lat' dir='ltr'><strong>de</strong></span> <span class='ocrx_word' id='word_1_533' title='bbox 800 4054 879 4121; x_wconf 74' lang='lat' dir='ltr'><strong>auius</strong></span> 
     </span>
     <span class='ocr_line' id='line_1_44' title="bbox 64 4140 878 4216; baseline 0.006 -20"><span class='ocrx_word' id='word_1_534' title='bbox 64 4140 263 4196; x_wconf 83' lang='lat' dir='ltr'><strong>doctrinalem</strong></span> <span class='ocrx_word' id='word_1_535' title='bbox 292 4141 381 4196; x_wconf 90' lang='lat' dir='ltr'><strong>dulcis</strong></span> <span class='ocrx_word' id='word_1_536' title='bbox 402 4143 471 4197; x_wconf 90' lang='lat' dir='ltr'><strong>odor</strong></span> <span class='ocrx_word' id='word_1_537' title='bbox 491 4143 574 4216; x_wconf 86' lang='lat' dir='ltr'><strong>longe</strong></span> <span class='ocrx_word' id='word_1_538' title='bbox 593 4144 704 4216; x_wconf 91' lang='lat' dir='ltr'><strong>lateque</strong></span> <span class='ocrx_word' id='word_1_539' title='bbox 726 4145 878 4201; x_wconf 62' lang='lat' dir='ltr'><strong>crescebat·</strong></span> 
     </span>
     <span class='ocr_line' id='line_1_45' title="bbox 66 4234 879 4307; baseline 0.007 -18"><span class='ocrx_word' id='word_1_540' title='bbox 66 4234 195 4306; x_wconf 82' lang='lat' dir='ltr'><strong>Exceptis</strong></span> <span class='ocrx_word' id='word_1_541' title='bbox 208 4235 282 4289; x_wconf 92' lang='lat' dir='ltr'><strong>enim</strong></span> <span class='ocrx_word' id='word_1_542' title='bbox 299 4235 352 4289; x_wconf 91' lang='lat' dir='ltr'><strong>illis</strong></span> <span class='ocrx_word' id='word_1_543' title='bbox 365 4251 435 4307; x_wconf 93' lang='lat' dir='ltr'><strong>qnos</strong></span> <span class='ocrx_word' id='word_1_544' title='bbox 447 4236 475 4289; x_wconf 91' lang='lat' dir='ltr'><strong>in</strong></span> <span class='ocrx_word' id='word_1_545' title='bbox 491 4236 665 4306; x_wconf 87' lang='lat' dir='ltr'><strong>subjectione</strong></span> <span class='ocrx_word' id='word_1_546' title='bbox 680 4255 730 4295; x_wconf 88' lang='lat' dir='ltr'><strong>sua</strong></span> <span class='ocrx_word' id='word_1_547' title='bbox 745 4239 772 4295; x_wconf 93' lang='lat' dir='ltr'><strong>iu</strong></span> <span class='ocrx_word' id='word_1_548' title='bbox 786 4240 879 4296; x_wconf 91' lang='lat' dir='ltr'><strong>studio</strong></span> 
     </span>
     <span class='ocr_line' id='line_1_46' title="bbox 66 4326 881 4405; baseline 0.005 -22"><span class='ocrx_word' id='word_1_549' title='bbox 66 4337 97 4387; x_wconf 92' lang='lat' dir='ltr'><strong>et</strong></span> <span class='ocrx_word' id='word_1_550' title='bbox 120 4326 255 4401; x_wconf 88' lang='lat' dir='ltr'><strong>religione</strong></span> <span class='ocrx_word' id='word_1_551' title='bbox 275 4328 401 4394; x_wconf 90' lang='lat' dir='ltr'><strong>nutrivit,</strong></span> <span class='ocrx_word' id='word_1_552' title='bbox 416 4329 517 4384; x_wconf 90' lang='lat' dir='ltr'><strong>multas</strong></span> <span class='ocrx_word' id='word_1_553' title='bbox 542 4331 677 4386; x_wconf 87' lang='lat' dir='ltr'><strong>clericalis</strong></span> <span class='ocrx_word' id='word_1_554' title='bbox 691 4333 798 4387; x_wconf 90' lang='lat' dir='ltr'><strong>ordinis</strong></span> <span class='ocrx_word' id='word_1_555' title='bbox 817 4350 881 4405; x_wconf 93' lang='lat' dir='ltr'><strong>per-</strong></span> 
     </span>
    </p>
   </div>
   <div class='ocr_carea' id='block_1_7' title="bbox 927 3589 1736 4389">
    <p class='ocr_par' dir='ltr' id='par_1_8' title="bbox 927 3589 1736 4389">
     <span class='ocr_line' id='line_1_47' title="bbox 927 3589 1735 3672; baseline -0.009 -21"><span class='ocrx_word' id='word_1_556' title='bbox 927 3597 1014 3672; x_wconf 91' lang='lat' dir='ltr'><strong>gratia</strong></span> <span class='ocrx_word' id='word_1_557' title='bbox 1029 3611 1090 3649; x_wconf 87' lang='lat' dir='ltr'><strong>curn</strong></span> <span class='ocrx_word' id='word_1_558' title='bbox 1112 3593 1171 3663; x_wconf 92' lang='lat' dir='ltr'><strong>ipsa</strong></span> <span class='ocrx_word' id='word_1_559' title='bbox 1191 3598 1272 3646; x_wconf 83' lang='lat' dir='ltr'><strong>aetate</strong></span> <span class='ocrx_word' id='word_1_560' title='bbox 1299 3589 1360 3644; x_wconf 88' lang='lat' dir='ltr'><strong>siue</strong></span> <span class='ocrx_word' id='word_1_561' title='bbox 1382 3589 1496 3661; x_wconf 92' lang='lat' dir='ltr'><strong>querela</strong></span> <span class='ocrx_word' id='word_1_562' title='bbox 1516 3589 1598 3644; x_wconf 90' lang='lat' dir='ltr'><strong>simul</strong></span> <span class='ocrx_word' id='word_1_563' title='bbox 1618 3604 1735 3646; x_wconf 89' lang='lat' dir='ltr'><strong>concre-</strong></span> 
     </span>
     <span class='ocr_line' id='line_1_48' title="bbox 927 3681 1736 3756; baseline -0.009 -12"><span class='ocrx_word' id='word_1_564' title='bbox 927 3696 1013 3756; x_wconf 85' lang='lat' dir='ltr'><strong>verat,</strong></span> <span class='ocrx_word' id='word_1_565' title='bbox 1028 3695 1056 3741; x_wconf 91' lang='lat' dir='ltr'><strong>et</strong></span> <span class='ocrx_word' id='word_1_566' title='bbox 1070 3693 1100 3741; x_wconf 92' lang='lat' dir='ltr'><strong>ut</strong></span> <span class='ocrx_word' id='word_1_567' title='bbox 1115 3685 1151 3738; x_wconf 93' lang='lat' dir='ltr'><strong>ita</strong></span> <span class='ocrx_word' id='word_1_568' title='bbox 1179 3683 1268 3738; x_wconf 90' lang='lat' dir='ltr'><strong>dicam</strong></span> <span class='ocrx_word' id='word_1_569' title='bbox 1284 3699 1346 3738; x_wconf 92' lang='lat' dir='ltr'><strong>cum</strong></span> <span class='ocrx_word' id='word_1_570' title='bbox 1372 3682 1413 3736; x_wconf 92' lang='lat' dir='ltr'><strong>eis</strong></span> <span class='ocrx_word' id='word_1_571' title='bbox 1428 3681 1596 3737; x_wconf 90' lang='lat' dir='ltr'><strong>insenuerat.</strong></span> <span class='ocrx_word' id='word_1_572' title='bbox 1621 3682 1736 3753; x_wconf 85' lang='lat' dir='ltr'><strong>Episco-</strong></span> 
     </span>
     <span class='ocr_line' id='line_1_49' title="bbox 929 3770 1735 3851; baseline -0.005 -19"><span class='ocrx_word' id='word_1_573' title='bbox 929 3795 979 3849; x_wconf 92' lang='lat' dir='ltr'><strong>pus</strong></span> <span class='ocrx_word' id='word_1_574' title='bbox 999 3774 1124 3851; x_wconf 89' lang='lat' dir='ltr'><strong>gaudens</strong></span> <span class='ocrx_word' id='word_1_575' title='bbox 1137 3790 1166 3827; x_wconf 76' lang='lat' dir='ltr'><strong>re</strong></span> <span class='ocrx_word' id='word_1_576' title='bbox 1190 3771 1363 3827; x_wconf 81' lang='lat' dir='ltr'><strong>corisolatum</strong></span> <span class='ocrx_word' id='word_1_577' title='bbox 1379 3785 1440 3825; x_wconf 88' lang='lat' dir='ltr'><strong>esse</strong></span> <span class='ocrx_word' id='word_1_578' title='bbox 1457 3778 1553 3842; x_wconf 88' lang='lat' dir='ltr'><strong>optata</strong></span> <span class='ocrx_word' id='word_1_579' title='bbox 1577 3770 1735 3828; x_wconf 88' lang='lat' dir='ltr'><strong>visitatione</strong></span> 
     </span>
     <span class='ocr_line' id='line_1_50' title="bbox 928 3861 1735 3934; baseline -0.009 -9"><span class='ocrx_word' id='word_1_580' title='bbox 928 3868 1020 3934; x_wconf 91' lang='lat' dir='ltr'><strong>amici,</strong></span> <span class='ocrx_word' id='word_1_581' title='bbox 1047 3867 1080 3921; x_wconf 91' lang='lat' dir='ltr'><strong>ab</strong></span> <span class='ocrx_word' id='word_1_582' title='bbox 1097 3881 1130 3920; x_wconf 90' lang='lat' dir='ltr'><strong>eo</strong></span> <span class='ocrx_word' id='word_1_583' title='bbox 1160 3864 1186 3919; x_wconf 94' lang='lat' dir='ltr'><strong>in</strong></span> <span class='ocrx_word' id='word_1_584' title='bbox 1202 3863 1313 3920; x_wconf 89' lang='lat' dir='ltr'><strong>nomiae</strong></span> <span class='ocrx_word' id='word_1_585' title='bbox 1338 3861 1445 3918; x_wconf 83' lang='lat' dir='ltr'><strong>Domini</strong></span> <span class='ocrx_word' id='word_1_586' title='bbox 1462 3862 1614 3918; x_wconf 89' lang='lat' dir='ltr'><strong>secuudum</strong></span> <span class='ocrx_word' id='word_1_587' title='bbox 1631 3878 1735 3934; x_wconf 84' lang='lat' dir='ltr'><strong>praece·</strong></span> 
     </span>
     <span class='ocr_line' id='line_1_51' title="bbox 930 3953 1736 4034; baseline -0.011 -17"><span class='ocrx_word' id='word_1_588' title='bbox 930 3969 1005 4034; x_wconf 92' lang='lat' dir='ltr'><strong>ptum</strong></span> <span class='ocrx_word' id='word_1_589' title='bbox 1022 3956 1242 4031; x_wconf 89' lang='lat' dir='ltr'><strong>apostolilacobi</strong></span> <span class='ocrx_word' id='word_1_590' title='bbox 1253 3955 1370 4027; x_wconf 86' lang='lat' dir='ltr'><strong>expetiit</strong></span> <span class='ocrx_word' id='word_1_591' title='bbox 1384 3954 1511 4029; x_wconf 81' lang='lat' dir='ltr'><strong>inungui.</strong></span> <span class='ocrx_word' id='word_1_592' title='bbox 1530 3953 1736 4010; x_wconf 74' lang='lat' dir='ltr'><strong>Per-artoinun·</strong></span> 
     </span>
     <span class='ocr_line' id='line_1_52' title="bbox 929 4045 1736 4118; baseline -0.006 -10"><span class='ocrx_word' id='word_1_593' title='bbox 929 4052 1028 4108; x_wconf 89' lang='lat' dir='ltr'><strong>ctionis</strong></span> <span class='ocrx_word' id='word_1_594' title='bbox 1044 4048 1145 4106; x_wconf 77' lang='lat' dir='ltr'><strong>officio,</strong></span> <span class='ocrx_word' id='word_1_595' title='bbox 1163 4065 1223 4104; x_wconf 88' lang='lat' dir='ltr'><strong>carn</strong></span> <span class='ocrx_word' id='word_1_596' title='bbox 1238 4047 1398 4102; x_wconf 89' lang='lat' dir='ltr'><strong>missionem</strong></span> <span class='ocrx_word' id='word_1_597' title='bbox 1419 4051 1526 4117; x_wconf 90' lang='lat' dir='ltr'><strong>peteret</strong></span> <span class='ocrx_word' id='word_1_598' title='bbox 1539 4045 1573 4100; x_wconf 94' lang='lat' dir='ltr'><strong>ah</strong></span> <span class='ocrx_word' id='word_1_599' title='bbox 1591 4046 1736 4118; x_wconf 85' lang='lat' dir='ltr'><strong>episcopo,</strong></span> 
     </span>
     <span class='ocr_line' id='line_1_53' title="bbox 930 4135 1736 4211; baseline -0.011 -12"><span class='ocrx_word' id='word_1_600' title='bbox 930 4153 957 4199; x_wconf 89' lang='lat' dir='ltr'><strong>et</strong></span> <span class='ocrx_word' id='word_1_601' title='bbox 980 4144 1071 4198; x_wconf 86' lang='lat' dir='ltr'><strong>adhuc</strong></span> <span class='ocrx_word' id='word_1_602' title='bbox 1098 4142 1131 4196; x_wconf 93' lang='lat' dir='ltr'><strong>de</strong></span> <span class='ocrx_word' id='word_1_603' title='bbox 1146 4155 1195 4211; x_wconf 90' lang='lat' dir='ltr'><strong>spe</strong></span> <span class='ocrx_word' id='word_1_604' title='bbox 1216 4140 1278 4194; x_wconf 81' lang='lat' dir='ltr'><strong>vitae</strong></span> <span class='ocrx_word' id='word_1_605' title='bbox 1293 4154 1349 4193; x_wconf 82' lang='lat' dir='ltr'><strong>suae</strong></span> <span class='ocrx_word' id='word_1_606' title='bbox 1368 4135 1534 4192; x_wconf 77' lang='lat' dir='ltr'><strong>fiducialiter</strong></span> <span class='ocrx_word' id='word_1_607' title='bbox 1554 4146 1682 4207; x_wconf 91' lang='lat' dir='ltr'><strong>quereret</strong></span> <span class='ocrx_word' id='word_1_608' title='bbox 1701 4136 1736 4191; x_wconf 90' lang='lat' dir='ltr'><strong>ab</strong></span> 
     </span>
     <span class='ocr_line' id='line_1_54' title="bbox 930 4227 1735 4307; baseline -0.011 -15"><span class='ocrx_word' id='word_1_609' title='bbox 930 4253 974 4301; x_wconf 86' lang='lat' dir='ltr'><strong>eo,</strong></span> <span class='ocrx_word' id='word_1_610' title='bbox 988 4236 1136 4307; x_wconf 88' lang='lat' dir='ltr'><strong>episcopus</strong></span> <span class='ocrx_word' id='word_1_611' title='bbox 1162 4240 1250 4287; x_wconf 91' lang='lat' dir='ltr'><strong>tactus</strong></span> <span class='ocrx_word' id='word_1_612' title='bbox 1267 4230 1365 4301; x_wconf 90' lang='lat' dir='ltr'><strong>spiritu</strong></span> <span class='ocrx_word' id='word_1_613' title='bbox 1386 4228 1496 4284; x_wconf 90' lang='lat' dir='ltr'><strong>divino:</strong></span> <span class='ocrx_word' id='word_1_614' title='bbox 1518 4228 1614 4294; x_wconf 84' lang='lat' dir='ltr'><strong>Hodie,</strong></span> <span class='ocrx_word' id='word_1_615' title='bbox 1635 4227 1735 4299; x_wconf 88' lang='lat' dir='ltr'><strong>inquit,</strong></span> 
     </span>
     <span class='ocr_line' id='line_1_55' title="bbox 930 4319 1736 4389; baseline -0.014 -4"><span class='ocrx_word' id='word_1_616' title='bbox 930 4347 982 4385; x_wconf 86' lang='lat' dir='ltr'><strong>aon</strong></span> <span class='ocrx_word' id='word_1_617' title='bbox 995 4331 1107 4388; x_wconf 78' lang='lat' dir='ltr'><strong>rnnrirrr,</strong></span> <span class='ocrx_word' id='word_1_618' title='bbox 1131 4343 1145 4381; x_wconf 91' lang='lat' dir='ltr'><strong>o</strong></span> <span class='ocrx_word' id='word_1_619' title='bbox 1160 4327 1241 4379; x_wconf 84' lang='lat' dir='ltr'><strong>amici</strong></span> <span class='ocrx_word' id='word_1_620' title='bbox 1259 4324 1320 4389; x_wconf 80' lang='lat' dir='ltr'><strong>mei,</strong></span> <span class='ocrx_word' id='word_1_621' title='bbox 1336 4321 1382 4376; x_wconf 79' lang='lat' dir='ltr'><strong>aad</strong></span> <span class='ocrx_word' id='word_1_622' title='bbox 1396 4336 1455 4375; x_wconf 85' lang='lat' dir='ltr'><strong>crus</strong></span> <span class='ocrx_word' id='word_1_623' title='bbox 1470 4323 1500 4373; x_wconf 82' lang='lat' dir='ltr'><strong>in</strong></span> <span class='ocrx_word' id='word_1_624' title='bbox 1514 4319 1616 4375; x_wconf 77' lang='lat' dir='ltr'><strong>Christi</strong></span> <span class='ocrx_word' id='word_1_625' title='bbox 1628 4320 1736 4374; x_wconf 85' lang='lat' dir='ltr'><strong>nomiae</strong></span> 
     </span>
    </p>
   </div>
   <div class='ocr_carea' id='block_1_8' title="bbox 66 4409 1736 4494">
    <p class='ocr_par' dir='ltr' id='par_1_9' title="bbox 66 4409 1736 4494">
     <span class='ocr_line' id='line_1_56' title="bbox 66 4409 1736 4494; baseline -0.002 -24"><span class='ocrx_word' id='word_1_626' title='bbox 66 4430 163 4482; x_wconf 89' lang='lat' dir='ltr'><strong>sonas,</strong></span> <span class='ocrx_word' id='word_1_627' title='bbox 178 4416 311 4486; x_wconf 90' lang='lat' dir='ltr'><strong>quosdam</strong></span> <span class='ocrx_word' id='word_1_628' title='bbox 334 4417 416 4472; x_wconf 92' lang='lat' dir='ltr'><strong>ctiam</strong></span> <span class='ocrx_word' id='word_1_629' title='bbox 440 4418 568 4484; x_wconf 90' lang='lat' dir='ltr'><strong>curiales,</strong></span> <span class='ocrx_word' id='word_1_630' title='bbox 599 4419 724 4476; x_wconf 90' lang='lat' dir='ltr'><strong>doctrina</strong></span> <span class='ocrx_word' id='word_1_631' title='bbox 748 4439 797 4477; x_wconf 93' lang='lat' dir='ltr'><strong>sua</strong></span> <span class='ocrx_word' id='word_1_632' title='bbox 817 4412 1075 4494; x_wconf 80' lang='lat' dir='ltr'><strong>pro-Dattccurrilc</strong></span> <span class='ocrx_word' id='word_1_633' title='bbox 1089 4420 1165 4474; x_wconf 84' lang='lat' dir='ltr'><strong>milti.</strong></span> <span class='ocrx_word' id='word_1_634' title='bbox 1189 4416 1236 4472; x_wconf 89' lang='lat' dir='ltr'><strong>llle</strong></span> <span class='ocrx_word' id='word_1_635' title='bbox 1256 4415 1408 4484; x_wconf 91' lang='lat' dir='ltr'><strong>desperans</strong></span> <span class='ocrx_word' id='word_1_636' title='bbox 1423 4413 1457 4467; x_wconf 90' lang='lat' dir='ltr'><strong>de</strong></span> <span class='ocrx_word' id='word_1_637' title='bbox 1472 4411 1526 4465; x_wconf 88' lang='lat' dir='ltr'><strong>vita</strong></span> <span class='ocrx_word' id='word_1_638' title='bbox 1545 4409 1638 4476; x_wconf 87' lang='lat' dir='ltr'><strong>amici,</strong></span> <span class='ocrx_word' id='word_1_639' title='bbox 1660 4425 1736 4466; x_wconf 91' lang='lat' dir='ltr'><strong>reso·</strong></span> 
     </span>
    </p>
   </div>
   <div class='ocr_carea' id='block_1_9' title="bbox 68 4510 881 5133">
    <p class='ocr_par' dir='ltr' id='par_1_10' title="bbox 68 4510 881 5133">
     <span class='ocr_line' id='line_1_57' title="bbox 68 4510 878 4589; baseline 0.007 -23"><span class='ocrx_word' id='word_1_640' title='bbox 68 4510 166 4576; x_wconf 91' lang='lat' dir='ltr'><strong>movit,</strong></span> <span class='ocrx_word' id='word_1_641' title='bbox 183 4526 298 4581; x_wconf 91' lang='lat' dir='ltr'><strong>quorum</strong></span> <span class='ocrx_word' id='word_1_642' title='bbox 316 4512 430 4568; x_wconf 89' lang='lat' dir='ltr'><strong>illustris</strong></span> <span class='ocrx_word' id='word_1_643' title='bbox 445 4515 567 4584; x_wconf 86' lang='lat' dir='ltr'><strong>probitas</strong></span> <span class='ocrx_word' id='word_1_644' title='bbox 589 4515 633 4570; x_wconf 86' lang='lat' dir='ltr'><strong>vel</strong></span> <span class='ocrx_word' id='word_1_645' title='bbox 649 4516 767 4589; x_wconf 85' lang='lat' dir='ltr'><strong>dignitas</strong></span> <span class='ocrx_word' id='word_1_646' title='bbox 783 4523 878 4589; x_wconf 89' lang='lat' dir='ltr'><strong>postea</strong></span> 
     </span>
     <span class='ocr_line' id='line_1_58' title="bbox 68 4592 876 4678; baseline 0.009 -21"><span class='ocrx_word' id='word_1_647' title='bbox 68 4592 315 4658; x_wconf 80' lang='lat' dir='ltr'><strong>¹sauctaeaacclesiae</strong></span> <span class='ocrx_word' id='word_1_648' title='bbox 324 4605 552 4678; x_wconf 86' lang='lat' dir='ltr'><strong>magnaeutilitati</strong></span> <span class='ocrx_word' id='word_1_649' title='bbox 565 4611 591 4661; x_wconf 91' lang='lat' dir='ltr'><strong>et</strong></span> <span class='ocrx_word' id='word_1_650' title='bbox 603 4608 738 4663; x_wconf 89' lang='lat' dir='ltr'><strong>honestati</strong></span> <span class='ocrx_word' id='word_1_651' title='bbox 750 4608 810 4664; x_wconf 88' lang='lat' dir='ltr'><strong>fuit.</strong></span> <span class='ocrx_word' id='word_1_652' title='bbox 823 4610 876 4664; x_wconf 89' lang='lat' dir='ltr'><strong>Sed</strong></span> 
     </span>
     <span class='ocr_line' id='line_1_59' title="bbox 69 4678 879 4762; baseline 0.006 -15"><span class='ocrx_word' id='word_1_653' title='bbox 69 4678 98 4747; x_wconf 72' lang='lat' dir='ltr'><strong>et</strong></span> <span class='ocrx_word' id='word_1_654' title='bbox 111 4691 141 4746; x_wconf 89' lang='lat' dir='ltr'><strong>ia</strong></span> <span class='ocrx_word' id='word_1_655' title='bbox 162 4693 213 4747; x_wconf 91' lang='lat' dir='ltr'><strong>hoc</strong></span> <span class='ocrx_word' id='word_1_656' title='bbox 238 4692 265 4746; x_wconf 95' lang='lat' dir='ltr'><strong>in</strong></span> <span class='ocrx_word' id='word_1_657' title='bbox 281 4693 413 4748; x_wconf 85' lang='lat' dir='ltr'><strong>aecclesiis</strong></span> <span class='ocrx_word' id='word_1_658' title='bbox 429 4694 476 4748; x_wconf 88' lang='lat' dir='ltr'><strong>Dei</strong></span> <span class='ocrx_word' id='word_1_659' title='bbox 496 4694 558 4762; x_wconf 85' lang='lat' dir='ltr'><strong>ejus</strong></span> <span class='ocrx_word' id='word_1_660' title='bbox 577 4695 724 4751; x_wconf 91' lang='lat' dir='ltr'><strong>laudabilis</strong></span> <span class='ocrx_word' id='word_1_661' title='bbox 742 4698 879 4753; x_wconf 85' lang='lat' dir='ltr'><strong>memoria</strong></span> 
     </span>
     <span class='ocr_line' id='line_1_60' title="bbox 69 4781 879 4863; baseline 0.005 -27"><span class='ocrx_word' id='word_1_662' title='bbox 69 4782 164 4863; x_wconf 84' lang='lat' dir='ltr'><strong>adhuc</strong></span> <span class='ocrx_word' id='word_1_663' title='bbox 180 4781 256 4848; x_wconf 85' lang='lat' dir='ltr'><strong>vivit,</strong></span> <span class='ocrx_word' id='word_1_664' title='bbox 282 4784 355 4853; x_wconf 92' lang='lat' dir='ltr'><strong>quod</strong></span> <span class='ocrx_word' id='word_1_665' title='bbox 381 4784 451 4838; x_wconf 86' lang='lat' dir='ltr'><strong>vitas</strong></span> <span class='ocrx_word' id='word_1_666' title='bbox 474 4784 628 4856; x_wconf 90' lang='lat' dir='ltr'><strong>aliquorum</strong></span> <span class='ocrx_word' id='word_1_667' title='bbox 658 4786 693 4820; x_wconf 64' lang='lat'><strong>⁷³⁵²</strong></span> <span class='ocrx_word' id='word_1_668' title='bbox 721 4784 879 4842; x_wconf 86' lang='lat' dir='ltr'><strong>sauctorum</strong></span> 
     </span>
     <span class='ocr_line' id='line_1_61' title="bbox 70 4876 880 4950; baseline 0.007 -20"><span class='ocrx_word' id='word_1_669' title='bbox 70 4876 214 4948; x_wconf 89' lang='lat' dir='ltr'><strong>aliquibus</strong></span> <span class='ocrx_word' id='word_1_670' title='bbox 228 4877 253 4930; x_wconf 90' lang='lat' dir='ltr'><strong>in</strong></span> <span class='ocrx_word' id='word_1_671' title='bbox 269 4877 337 4932; x_wconf 89' lang='lat' dir='ltr'><strong>locis</strong></span> <span class='ocrx_word' id='word_1_672' title='bbox 351 4878 458 4949; x_wconf 89' lang='lat' dir='ltr'><strong>liquide</strong></span> <span class='ocrx_word' id='word_1_673' title='bbox 479 4886 505 4932; x_wconf 93' lang='lat' dir='ltr'><strong>et</strong></span> <span class='ocrx_word' id='word_1_674' title='bbox 521 4880 605 4949; x_wconf 89' lang='lat' dir='ltr'><strong>polite</strong></span> <span class='ocrx_word' id='word_1_675' title='bbox 622 4881 788 4950; x_wconf 87' lang='lat' dir='ltr'><strong>composuit,</strong></span> <span class='ocrx_word' id='word_1_676' title='bbox 805 4882 880 4936; x_wconf 89' lang='lat' dir='ltr'><strong>etde</strong></span> 
     </span>
     <span class='ocr_line' id='line_1_62' title="bbox 70 4966 881 5041; baseline 0.006 -21"><span class='ocrx_word' id='word_1_677' title='bbox 70 4966 159 5041; x_wconf 68' lang='lat' dir='ltr'><strong>gestis</strong></span> <span class='ocrx_word' id='word_1_678' title='bbox 171 4980 265 5020; x_wconf 88' lang='lat' dir='ltr'><strong>eorum</strong></span> <span class='ocrx_word' id='word_1_679' title='bbox 279 4966 305 5020; x_wconf 90' lang='lat' dir='ltr'><strong>in</strong></span> <span class='ocrx_word' id='word_1_680' title='bbox 319 4968 399 5022; x_wconf 87' lang='lat' dir='ltr'><strong>laude</strong></span> <span class='ocrx_word' id='word_1_681' title='bbox 410 4968 458 5022; x_wconf 87' lang='lat' dir='ltr'><strong>llci</strong></span> <span class='ocrx_word' id='word_1_682' title='bbox 472 4969 625 5023; x_wconf 89' lang='lat' dir='ltr'><strong>secundum</strong></span> <span class='ocrx_word' id='word_1_683' title='bbox 636 4970 757 5041; x_wconf 86' lang='lat' dir='ltr'><strong>regulam</strong></span> <span class='ocrx_word' id='word_1_684' title='bbox 770 4971 881 5026; x_wconf 83' lang='lat' dir='ltr'><strong>musicae</strong></span> 
     </span>
     <span class='ocr_line' id='line_1_63' title="bbox 71 5056 881 5133; baseline 0.007 -23"><span class='ocrx_word' id='word_1_685' title='bbox 71 5056 239 5133; x_wconf 78' lang='lat' dir='ltr'><strong>discipliuae,</strong></span> <span class='ocrx_word' id='word_1_686' title='bbox 256 5058 283 5110; x_wconf 93' lang='lat' dir='ltr'><strong>in</strong></span> <span class='ocrx_word' id='word_1_687' title='bbox 299 5074 353 5128; x_wconf 89' lang='lat' dir='ltr'><strong>qua</strong></span> <span class='ocrx_word' id='word_1_688' title='bbox 368 5058 484 5112; x_wconf 88' lang='lat' dir='ltr'><strong>uurltum</strong></span> <span class='ocrx_word' id='word_1_689' title='bbox 500 5057 619 5126; x_wconf 89' lang='lat' dir='ltr'><strong>valebat,</strong></span> <span class='ocrx_word' id='word_1_690' title='bbox 637 5060 796 5116; x_wconf 86' lang='lat' dir='ltr'><strong>dulcissime</strong></span> <span class='ocrx_word' id='word_1_691' title='bbox 812 5077 881 5116; x_wconf 89' lang='lat' dir='ltr'><strong>cau-</strong></span> 
     </span>
    </p>
   </div>
   <div class='ocr_carea' id='block_1_10' title="bbox 72 5151 884 5317">
    <p class='ocr_par' dir='ltr' id='par_1_11' title="bbox 72 5151 884 5317">
     <span class='ocr_line' id='line_1_64' title="bbox 72 5151 883 5229; baseline 0.006 -23"><span class='ocrx_word' id='word_1_692' title='bbox 72 5151 311 5208; x_wconf 85' lang='lat' dir='ltr'><strong>tusmodilicavit.</strong></span> <span class='ocrx_word' id='word_1_693' title='bbox 328 5155 402 5208; x_wconf 94' lang='lat' dir='ltr'><strong>luter</strong></span> <span class='ocrx_word' id='word_1_694' title='bbox 428 5169 490 5224; x_wconf 70' lang='lat' dir='ltr'><strong>cquae</strong></span> <span class='ocrx_word' id='word_1_695' title='bbox 515 5153 581 5225; x_wconf 88' lang='lat' dir='ltr'><strong>quia</strong></span> <span class='ocrx_word' id='word_1_696' title='bbox 607 5162 720 5229; x_wconf 80' lang='lat' dir='ltr'><strong>rogante</strong></span> <span class='ocrx_word' id='word_1_697' title='bbox 747 5155 883 5227; x_wconf 80' lang='lat' dir='ltr'><strong>haginero</strong></span> 
     </span>
     <span class='ocr_line' id='line_1_65' title="bbox 73 5242 884 5317; baseline 0.006 -20"><span class='ocrx_word' id='word_1_698' title='bbox 73 5242 175 5297; x_wconf 87' lang='lat' dir='ltr'><strong>cernite</strong></span> <span class='ocrx_word' id='word_1_699' title='bbox 195 5242 278 5299; x_wconf 89' lang='lat' dir='ltr'><strong>vitam</strong></span> <span class='ocrx_word' id='word_1_700' title='bbox 292 5245 379 5300; x_wconf 88' lang='lat' dir='ltr'><strong>sancti</strong></span> <span class='ocrx_word' id='word_1_701' title='bbox 407 5244 508 5299; x_wconf 76' lang='lat' dir='ltr'><strong>l&#39;eroni</strong></span> <span class='ocrx_word' id='word_1_702' title='bbox 533 5243 701 5300; x_wconf 85' lang='lat' dir='ltr'><strong>confessoris</strong></span> <span class='ocrx_word' id='word_1_703' title='bbox 717 5247 884 5317; x_wconf 85' lang='lat' dir='ltr'><strong>composuit,</strong></span> 
     </span>
    </p>
   </div>
   <div class='ocr_carea' id='block_1_11' title="bbox 928 4497 1740 5314">
    <p class='ocr_par' dir='ltr' id='par_1_12' title="bbox 928 4497 1740 5314">
     <span class='ocr_line' id='line_1_66' title="bbox 928 4497 1736 4570; baseline -0.02 -4"><span class='ocrx_word' id='word_1_704' title='bbox 928 4513 1001 4568; x_wconf 90' lang='lat' dir='ltr'><strong>lutus</strong></span> <span class='ocrx_word' id='word_1_705' title='bbox 1016 4512 1044 4565; x_wconf 92' lang='lat' dir='ltr'><strong>in</strong></span> <span class='ocrx_word' id='word_1_706' title='bbox 1066 4507 1185 4564; x_wconf 88' lang='lat' dir='ltr'><strong>lacrimis</strong></span> <span class='ocrx_word' id='word_1_707' title='bbox 1200 4520 1254 4558; x_wconf 86' lang='lat' dir='ltr'><strong>uec</strong></span> <span class='ocrx_word' id='word_1_708' title='bbox 1268 4503 1362 4557; x_wconf 90' lang='lat' dir='ltr'><strong>valeus</strong></span> <span class='ocrx_word' id='word_1_709' title='bbox 1377 4507 1533 4570; x_wconf 88' lang='lat' dir='ltr'><strong>temperare</strong></span> <span class='ocrx_word' id='word_1_710' title='bbox 1553 4497 1660 4555; x_wconf 90' lang='lat' dir='ltr'><strong>dolori:</strong></span> <span class='ocrx_word' id='word_1_711' title='bbox 1676 4502 1736 4557; x_wconf 82' lang='lat' dir='ltr'><strong>Noa</strong></span> 
     </span>
     <span class='ocr_line' id='line_1_67' title="bbox 928 4592 1735 4672; baseline -0.019 -11"><span class='ocrx_word' id='word_1_712' title='bbox 928 4609 1011 4669; x_wconf 84' lang='lat' dir='ltr'><strong>sinat,</strong></span> <span class='ocrx_word' id='word_1_713' title='bbox 1028 4601 1126 4672; x_wconf 87' lang='lat' dir='ltr'><strong>inquit,</strong></span> <span class='ocrx_word' id='word_1_714' title='bbox 1148 4603 1217 4654; x_wconf 79' lang='lat' dir='ltr'><strong>Deus</strong></span> <span class='ocrx_word' id='word_1_715' title='bbox 1241 4612 1282 4650; x_wconf 83' lang='lat' dir='ltr'><strong>rac</strong></span> <span class='ocrx_word' id='word_1_716' title='bbox 1297 4598 1396 4664; x_wconf 79' lang='lat' dir='ltr'><strong>septem</strong></span> <span class='ocrx_word' id='word_1_717' title='bbox 1415 4593 1472 4647; x_wconf 84' lang='lat' dir='ltr'><strong>dies</strong></span> <span class='ocrx_word' id='word_1_718' title='bbox 1491 4594 1661 4662; x_wconf 79' lang='lat' dir='ltr'><strong>supervivere</strong></span> <span class='ocrx_word' id='word_1_719' title='bbox 1673 4592 1735 4648; x_wconf 83' lang='lat' dir='ltr'><strong>tibi.</strong></span> 
     </span>
     <span class='ocr_line' id='line_1_68' title="bbox 930 4685 1737 4758; baseline -0.016 -4"><span class='ocrx_word' id='word_1_720' title='bbox 930 4700 961 4754; x_wconf 82' lang='lat' dir='ltr'><strong>Et</strong></span> <span class='ocrx_word' id='word_1_721' title='bbox 976 4697 1009 4751; x_wconf 92' lang='lat' dir='ltr'><strong>ad</strong></span> <span class='ocrx_word' id='word_1_722' title='bbox 1033 4691 1230 4751; x_wconf 86' lang='lat' dir='ltr'><strong>monasterinm</strong></span> <span class='ocrx_word' id='word_1_723' title='bbox 1255 4687 1341 4743; x_wconf 89' lang='lat' dir='ltr'><strong>sancti</strong></span> <span class='ocrx_word' id='word_1_724' title='bbox 1360 4685 1453 4742; x_wconf 77' lang='lat' dir='ltr'><strong>iacobi</strong></span> <span class='ocrx_word' id='word_1_725' title='bbox 1480 4685 1523 4741; x_wconf 90' lang='lat' dir='ltr'><strong>cui</strong></span> <span class='ocrx_word' id='word_1_726' title='bbox 1549 4692 1666 4758; x_wconf 84' lang='lat' dir='ltr'><strong>praeerat</strong></span> <span class='ocrx_word' id='word_1_727' title='bbox 1691 4702 1737 4742; x_wconf 90' lang='lat' dir='ltr'><strong>re·</strong></span> 
     </span>
     <span class='ocr_line' id='line_1_69' title="bbox 930 4776 1736 4863; baseline -0.014 -19"><span class='ocrx_word' id='word_1_728' title='bbox 930 4803 1052 4863; x_wconf 87' lang='lat' dir='ltr'><strong>gressus,</strong></span> <span class='ocrx_word' id='word_1_729' title='bbox 1071 4784 1156 4855; x_wconf 86' lang='lat' dir='ltr'><strong>coepit</strong></span> <span class='ocrx_word' id='word_1_730' title='bbox 1175 4780 1288 4836; x_wconf 87' lang='lat' dir='ltr'><strong>destitui</strong></span> <span class='ocrx_word' id='word_1_731' title='bbox 1304 4777 1429 4850; x_wconf 89' lang='lat' dir='ltr'><strong>eorporis</strong></span> <span class='ocrx_word' id='word_1_732' title='bbox 1444 4776 1559 4846; x_wconf 89' lang='lat' dir='ltr'><strong>viribus,</strong></span> <span class='ocrx_word' id='word_1_733' title='bbox 1576 4793 1638 4847; x_wconf 73' lang='lat' dir='ltr'><strong>moa</strong></span> <span class='ocrx_word' id='word_1_734' title='bbox 1653 4777 1736 4833; x_wconf 88' lang='lat' dir='ltr'><strong>etiam</strong></span> 
     </span>
     <span class='ocr_line' id='line_1_70' title="bbox 931 4866 1739 4937; baseline -0.017 -4"><span class='ocrx_word' id='word_1_735' title='bbox 931 4877 1023 4933; x_wconf 79' lang='lat' dir='ltr'><strong>vexari</strong></span> <span class='ocrx_word' id='word_1_736' title='bbox 1034 4876 1132 4929; x_wconf 88' lang='lat' dir='ltr'><strong>acriter</strong></span> <span class='ocrx_word' id='word_1_737' title='bbox 1147 4870 1279 4926; x_wconf 74' lang='lat' dir='ltr'><strong>[claribus.</strong></span> <span class='ocrx_word' id='word_1_738' title='bbox 1295 4868 1363 4933; x_wconf 78' lang='lat' dir='ltr'><strong>Quid</strong></span> <span class='ocrx_word' id='word_1_739' title='bbox 1375 4867 1459 4922; x_wconf 92' lang='lat' dir='ltr'><strong>multa</strong></span> <span class='ocrx_word' id='word_1_740' title='bbox 1471 4866 1484 4920; x_wconf 79' lang='lat' dir='ltr'><strong>‘i</strong></span> <span class='ocrx_word' id='word_1_741' title='bbox 1497 4866 1653 4922; x_wconf 87' lang='lat' dir='ltr'><strong>Secundum</strong></span> <span class='ocrx_word' id='word_1_742' title='bbox 1670 4882 1739 4937; x_wconf 88' lang='lat' dir='ltr'><strong>prae-</strong></span> 
     </span>
     <span class='ocr_line' id='line_1_71' title="bbox 933 4955 1739 5035; baseline -0.017 -10"><span class='ocrx_word' id='word_1_743' title='bbox 933 4971 1173 5025; x_wconf 84' lang='lat' dir='ltr'><strong>dictumetvoturn</strong></span> <span class='ocrx_word' id='word_1_744' title='bbox 1191 4964 1298 5035; x_wconf 88' lang='lat' dir='ltr'><strong>piorum</strong></span> <span class='ocrx_word' id='word_1_745' title='bbox 1315 4961 1445 5025; x_wconf 81' lang='lat' dir='ltr'><strong>virorum,</strong></span> <span class='ocrx_word' id='word_1_746' title='bbox 1459 4959 1580 5014; x_wconf 89' lang='lat' dir='ltr'><strong>crastino</strong></span> <span class='ocrx_word' id='word_1_747' title='bbox 1593 4958 1647 5019; x_wconf 87' lang='lat' dir='ltr'><strong>die.</strong></span> <span class='ocrx_word' id='word_1_748' title='bbox 1665 4955 1739 5026; x_wconf 85' lang='lat' dir='ltr'><strong>quod</strong></span> 
     </span>
     <span class='ocr_line' id='line_1_72' title="bbox 933 5045 1738 5122; baseline -0.024 -7"><span class='ocrx_word' id='word_1_749' title='bbox 933 5071 974 5115; x_wconf 87' lang='lat' dir='ltr'><strong>est</strong></span> <span class='ocrx_word' id='word_1_750' title='bbox 988 5060 1005 5114; x_wconf 86' lang='lat'><em>8</em></span> <span class='ocrx_word' id='word_1_751' title='bbox 1021 5059 1085 5112; x_wconf 89' lang='lat' dir='ltr'><strong>ldus</strong></span> <span class='ocrx_word' id='word_1_752' title='bbox 1105 5055 1182 5119; x_wconf 85' lang='lat' dir='ltr'><strong>tulii,</strong></span> <span class='ocrx_word' id='word_1_753' title='bbox 1203 5051 1351 5122; x_wconf 88' lang='lat' dir='ltr'><strong>episcopus</strong></span> <span class='ocrx_word' id='word_1_754' title='bbox 1377 5048 1502 5122; x_wconf 86' lang='lat' dir='ltr'><strong>migravit</strong></span> <span class='ocrx_word' id='word_1_755' title='bbox 1526 5048 1560 5102; x_wconf 92' lang='lat' dir='ltr'><strong>ad</strong></span> <span class='ocrx_word' id='word_1_756' title='bbox 1581 5045 1738 5110; x_wconf 86' lang='lat' dir='ltr'><strong>Dominum,</strong></span> 
     </span>
     <span class='ocr_line' id='line_1_73' title="bbox 935 5136 1740 5212; baseline -0.022 -8"><span class='ocrx_word' id='word_1_757' title='bbox 935 5149 1024 5204; x_wconf 86' lang='lat' dir='ltr'><strong>hbbas</strong></span> <span class='ocrx_word' id='word_1_758' title='bbox 1038 5141 1203 5212; x_wconf 86' lang='lat' dir='ltr'><strong>auteur,.qui</strong></span> <span class='ocrx_word' id='word_1_759' title='bbox 1224 5138 1356 5209; x_wconf 74' lang='lat' dir='ltr'><strong>cptiscopo</strong></span> <span class='ocrx_word' id='word_1_760' title='bbox 1376 5137 1491 5193; x_wconf 90' lang='lat' dir='ltr'><strong>dimidio</strong></span> <span class='ocrx_word' id='word_1_761' title='bbox 1507 5136 1605 5190; x_wconf 82' lang='lat' dir='ltr'><strong>animm</strong></span> <span class='ocrx_word' id='word_1_762' title='bbox 1620 5148 1677 5188; x_wconf 79' lang='lat' dir='ltr'><strong>suae</strong></span> <span class='ocrx_word' id='word_1_763' title='bbox 1695 5148 1740 5187; x_wconf 90' lang='lat' dir='ltr'><strong>se-</strong></span> 
     </span>
     <span class='ocr_line' id='line_1_74' title="bbox 935 5220 1740 5314; baseline -0.022 -19"><span class='ocrx_word' id='word_1_764' title='bbox 935 5248 1008 5314; x_wconf 92' lang='lat' dir='ltr'><strong>ptem</strong></span> <span class='ocrx_word' id='word_1_765' title='bbox 1021 5238 1080 5292; x_wconf 90' lang='lat' dir='ltr'><strong>dies</strong></span> <span class='ocrx_word' id='word_1_766' title='bbox 1095 5231 1272 5305; x_wconf 83' lang='lat' dir='ltr'><strong>supervivere</strong></span> <span class='ocrx_word' id='word_1_767' title='bbox 1282 5229 1380 5295; x_wconf 90' lang='lat' dir='ltr'><strong>noluit,</strong></span> <span class='ocrx_word' id='word_1_768' title='bbox 1391 5228 1451 5300; x_wconf 79' lang='lat' dir='ltr'><strong>ipso</strong></span> <span class='ocrx_word' id='word_1_769' title='bbox 1466 5226 1586 5298; x_wconf 91' lang='lat' dir='ltr'><strong>septimo</strong></span> <span class='ocrx_word' id='word_1_770' title='bbox 1597 5222 1651 5290; x_wconf 92' lang='lat' dir='ltr'><strong>die,</strong></span> <span class='ocrx_word' id='word_1_771' title='bbox 1666 5220 1740 5294; x_wconf 91' lang='lat' dir='ltr'><strong>quod</strong></span> 
     </span>
    </p>
   </div>
   <div class='ocr_carea' id='block_1_12' title="bbox 755 5408 1059 5469">
    <p class='ocr_par' dir='ltr' id='par_1_13' title="bbox 755 5408 1059 5469">
     <span class='ocr_line' id='line_1_75' title="bbox 755 5408 1059 5469; baseline -0.02 -3"><span class='ocrx_word' id='word_1_772' title='bbox 755 5413 864 5468; x_wconf 85' lang='lat' dir='ltr'><strong>VhlllAE</strong></span> <span class='ocrx_word' id='word_1_773' title='bbox 875 5408 1059 5469; x_wconf 75' lang='lat' dir='ltr'><strong>cautiones.</strong></span> 
     </span>
    </p>
   </div>
   <div class='ocr_carea' id='block_1_13' title="bbox 70 5563 1746 5733">
    <p class='ocr_par' dir='ltr' id='par_1_14' title="bbox 70 5563 1746 5733">
     <span class='ocr_line' id='line_1_76' title="bbox 109 5563 1746 5662; baseline -0.014 -20"><span class='ocrx_word' id='word_1_774' title='bbox 109 5587 145 5622; x_wconf 72' lang='lat'><strong>¹⁸⁰</strong></span> <span class='ocrx_word' id='word_1_775' title='bbox 178 5601 285 5643; x_wconf 87' lang='lat' dir='ltr'><strong>ecorr.</strong></span> <span class='ocrx_word' id='word_1_776' title='bbox 310 5602 333 5642; x_wconf 91' lang='lat' dir='ltr'><strong>c.</strong></span> <span class='ocrx_word' id='word_1_777' title='bbox 362 5592 481 5644; x_wconf 79' lang='lat' dir='ltr'><strong>Fortasse</strong></span> <span class='ocrx_word' id='word_1_778' title='bbox 504 5590 752 5662; x_wconf 73' lang='lat' dir='ltr'><strong>fait-conscripsit.</strong></span> <span class='ocrx_word' id='word_1_779' title='bbox 810 5591 915 5647; x_wconf 74' lang='lat' dir='ltr'><strong>&#39;¹⁶⁰Atio</strong></span> <span class='ocrx_word' id='word_1_780' title='bbox 938 5589 1092 5643; x_wconf 83' lang='lat' dir='ltr'><strong>atramento</strong></span> <span class='ocrx_word' id='word_1_781' title='bbox 1114 5583 1200 5661; x_wconf 74' lang='lat' dir='ltr'><strong>pergit</strong></span> <span class='ocrx_word' id='word_1_782' title='bbox 1230 5579 1299 5632; x_wconf 82' lang='lat' dir='ltr'><strong>idem</strong></span> <span class='ocrx_word' id='word_1_783' title='bbox 1327 5575 1425 5640; x_wconf 83' lang='lat' dir='ltr'><strong>scriba,</strong></span> <span class='ocrx_word' id='word_1_784' title='bbox 1445 5573 1492 5641; x_wconf 84' lang='lat' dir='ltr'><strong>qai</strong></span> <span class='ocrx_word' id='word_1_785' title='bbox 1519 5575 1543 5624; x_wconf 86' lang='lat' dir='ltr'><strong>ct</strong></span> <span class='ocrx_word' id='word_1_786' title='bbox 1571 5563 1746 5638; x_wconf 86' lang='lat' dir='ltr'><strong>transcripsit</strong></span> 
     </span>
     <span class='ocr_line' id='line_1_77' title="bbox 70 5653 1313 5733; baseline -0.012 -18"><span class='ocrx_word' id='word_1_787' title='bbox 70 5665 208 5730; x_wconf 71' lang='lat' dir='ltr'><strong>pmuarat.</strong></span> <span class='ocrx_word' id='word_1_788' title='bbox 253 5658 285 5693; x_wconf 74' lang='lat'><strong>¹⁶¹</strong></span> <span class='ocrx_word' id='word_1_789' title='bbox 301 5657 423 5714; x_wconf 86' lang='lat' dir='ltr'><strong>clariorit</strong></span> <span class='ocrx_word' id='word_1_790' title='bbox 447 5675 514 5715; x_wconf 88' lang='lat' dir='ltr'><strong>corr.</strong></span> <span class='ocrx_word' id='word_1_791' title='bbox 532 5661 660 5718; x_wconf 87' lang='lat' dir='ltr'><strong>claruerit</strong></span> <span class='ocrx_word' id='word_1_792' title='bbox 670 5678 693 5718; x_wconf 89' lang='lat' dir='ltr'><strong>c.</strong></span> <span class='ocrx_word' id='word_1_793' title='bbox 742 5662 775 5698; x_wconf 76' lang='lat'><strong>²³²</strong></span> <span class='ocrx_word' id='word_1_794' title='bbox 789 5662 897 5733; x_wconf 87' lang='lat' dir='ltr'><strong>aliquas</strong></span> <span class='ocrx_word' id='word_1_795' title='bbox 920 5661 1015 5717; x_wconf 82' lang='lat' dir='ltr'><strong>stethu</strong></span> <span class='ocrx_word' id='word_1_796' title='bbox 1028 5671 1098 5711; x_wconf 83' lang='lat' dir='ltr'><strong>cerr.</strong></span> <span class='ocrx_word' id='word_1_797' title='bbox 1120 5653 1273 5722; x_wconf 79' lang='lat' dir='ltr'><strong>aliquarum</strong></span> <span class='ocrx_word' id='word_1_798' title='bbox 1290 5664 1313 5702; x_wconf 88' lang='lat' dir='ltr'><strong>c.</strong></span> 
     </span>
    </p>
   </div>
   <div class='ocr_carea' id='block_1_14' title="bbox 0 0 1873 6014">
    <p class='ocr_par' dir='ltr' id='par_1_15' title="bbox 0 0 1873 6014">
     <span class='ocr_line' id='line_1_78' title="bbox 0 0 1873 6014; baseline 0 0"><span class='ocrx_word' id='word_1_799' title='bbox 0 0 1873 6014; x_wconf 95' lang='lat' dir='ltr'><strong> </strong></span> 
     </span>
    </p>
   </div>
  </div>
 </body>
</html>
