3720 6014
91 180 146 237 333
559 180 733 237 coronica.
755 212 789 220 -
809 180 1027 238 cortrtrtttatto
1047 182 1289 248 aotttctrtcrtita.

1714 186 1767 243 331

92 326 175 381 quarn
199 307 337 364 habebant
364 325 424 363 curn
456 309 572 364 ilenrico
598 309 774 380 imperatore,
804 311 838 364 ad
873 311 1051 382 seAdomos
1073 313 1247 377 elericorum,
1269 311 1315 382 qui
1338 310 1363 365 ei
1378 310 1561 379 adherebant,
1576 310 1721 383 subvertit,
1739 321 1767 370 31

91 395 283 452 transferrent.
313 397 390 460 Quod
406 396 521 451 audiens
542 414 612 469 popa
633 398 798 463 celestinus,
824 398 903 454 ralde
957 403 1034 474 regni
1050 404 1091 457 sni
1107 403 1249 457 introitum
1275 401 1365 456 eidem
1385 401 1517 473 episcopo
1532 402 1680 458 interdixit.
1695 403 1767 461 Tan-

90 493 133 539 est
148 484 324 556 indignatus;
341 485 387 555 qui
414 486 568 540 versarice
594 486 803 550 nunciossuos,
837 485 906 539 diros
957 494 1056 548 crodos
1084 495 1180 565 apulie
1205 502 1340 565 ipronnus
1362 493 1487 549 moritur.
1515 494 1765 570 Celostinuspapa,

92 573 199 629 scilieet
227 573 395 635 cardinales,
423 573 455 625 all
482 589 545 627 311111
570 575 684 642 direxit,
707 575 850 639 mandans,
877 579 907 627 nt
957 590 1044 637 niorto
1072 583 1131 651 ojus
1145 583 1248 649 anthia,
1278 582 1533 638 contrallenrieum
1556 584 1764 657 imperatorem,

92 665 301 736 imperatricem
323 664 358 718 de
385 665 511 719 custodia
531 664 653 718 educens
683 664 841 734 imperatori
862 679 907 716 re·
958 687 1038 741 quem
1056 681 1169 741 proptor
1184 672 1342 726 liutbertum
1355 672 1551 728 leodicensem
1562 673 1722 745 episcopum
1738 683 1767 730 et

92 761 232 825 mitterem
249 760 351 815 sivero
368 761 419 815 hoc
439 759 529 814 lacere
545 760 640 826 nollet,
656 761 830 814 anathemate
844 774 906 829 per·
960 762 1028 816 alias
1043 762 1162 818 latentes
1177 779 1274 818 causas
1294 762 1424 819 infestum
1445 764 1577 832 babebat,
1591 764 1678 822 hlium
1693 767 1767 823 Tan·

98 860 230 922 petuose
261 851 414 906 feriendum
439 868 500 907 cum
518 859 593 921 parte
615 851 767 922 provincie,
796 866 850 921 que
871 850 908 903 illi
962 852 1764 931 33311113133113131333133181311133333313311113131,

93 942 213 1010 larebat,
229 957 279 1011 pro
300 949 375 995 certo
392 941 485 994 sciret.
515 939 631 994 ltadullo
662 937 825 994 leodicensi
846 936 910 1007 epi·
963 942 1767 1014 3313331313333331311111131.11333313.133312,11333

95 1046 193 1102 scopo,
207 1031 326 1102 quicum
342 1030 486 1084 l'rederieo
502 1030 669 1101 imperatore
684 1045 794 1084 crucem
809 1044 913 1082 assum·
963 1031 1051 1084 noctis
1079 1030 1106 1094 8,
1120 1029 1230 1099 duabus
1254 1032 1378 1100 ejusdem
1404 1034 1527 1104 partibus
1551 1036 1713 1102 obscuratis,
1739 1038 1766 1092 in

99 1126 203 1191 pserat,
237 1119 469 1173 1311133333333
496 1119 632 1188 superiori
652 1127 770 1184 mortuo,
791 1117 846 1171 duo
864 1132 913 1188 per
962 1134 1011 1172 sno
1040 1117 1146 1193 fulgore
1166 1125 1242 1189 parte
1263 1120 1345 1175 133313
1365 1132 1553 1191 permanente.
1581 1124 1766 1197 subsequenti

96 1210 306 1265 contentionem
318 1209 479 1279 inpredicta
490 1209 609 1263 ecclesia
620 1215 685 1263 sunt
695 1208 787 1273 electi,
800 1207 912 1264 autber.
963 1211 1007 1264 die
1021 1210 1168 1264 liutbertus
1187 1211 1364 1267 heodicensis
1389 1215 1545 1286 episcopus,
1566 1231 1581 1271 3
1600 1217 1765 1288 quibusdam

94 1313 140 1358 tus
155 1302 273 1368 scilicet,
290 1301 374 1356 133133
393 1301 472 1356 ducis
495 1299 684 1366 lovaniensis,
704 1305 734 1353 et
753 1298 910 1362 hotbertus,
963 1301 1149 1372 proditoribus
1162 1307 1239 1356 extra
1254 1302 1350 1358 urbem
1365 1298 1528 1361 llemens'em
1544 1307 1670 1374 eductus,
1684 1309 1766 1364 inan·

93 1397 179 1451 irater
194 1395 303 1451 comitis
322 1395 356 1449 de
375 1394 507 1448 lleitesta.
535 1393 731 1447 Verumtamen
747 1391 911 1462 Lot‘aniens·¹
962 1392 1019 1445 dita
1034 1391 1133 1445 mortis
1147 1391 1310 1447 crudelitate
1322 1394 1364 1448 vir
1378 1394 1469 1466 Justus
1487 1395 1521 1450 ab
1545 1397 1640 1469 impiis
1655 1405 1682 1454 et
1702 1415 1767 1470 pro-

96 1487 230 1542 rlutberto
242 1487 342 1557 justior
357 1502 432 1556 pars,
445 1485 538 1539 sanior
551 1494 579 1538 31
594 1483 774 1554 multiplicior
787 1481 905 1536 larebat.
958 1483 1097 1539 ditoribus
1108 1484 1435 1556 innocenterperimitur.
1449 1488 1515 1542 Nam
1532 1489 1663 1546 ilenricus
1678 1492 1765 1564 impe·

97 1575 234 1630 ilenricus
260 1583 352 1630 autem
373 1575 523 1646 imperator
549 1574 583 1627 ab
609 1571 786 1642 expeditione
813 1573 1496 1686 1333·Β33133,33113133313[3333313333]
1524 1579 1551 1632 in
1577 1584 1643 1635 sede
1670 1583 1768 1638 leodi-

94 1666 179 1722 liensi
204 1682 340 1735 reversus,
371 1667 535 1723 electionem
555 1665 700 1735 utriusque
730 1662 857 1728 cessarit,
881 1669 909 1715 et
959 1665 1034 1720 33331
1050 1665 1209 1732 1313333331,
1225 1682 1287 1722 enm
1312 1685 1328 1722 a
1352 1684 1504 1741 regnosco
1524 1672 1674 1742 expulerat.
1698 1673 1767 1729 Wil-

96 1756 255 1811 berbarium
278 1757 451 1811 Bonnensem
478 1754 649 1826 prepositum
679 1751 844 1807 ditissimum
875 1750 910 1805 ad
960 1756 1059 1810 lelmns
1083 1761 1173 1809 autern
1198 1757 1341 1812 {lemensis
1372 1759 1598 1832 archiepiscopus
1617 1769 1645 1817 et
1670 1777 1768 1819 omnes

95 1851 237 1926 civitatem
255 1851 379 1925 dirigens
406 1851 543 1922 palacium
567 1849 701 1921 episcopi,
717 1849 797 1904 rillas
818 1856 845 1902 et
864 1862 911 1902 cs·
960 1847 1033 1902 eires
1057 1847 1217 1913 Remenses,
1236 1863 1300 1902 eum
1320 1849 1478 1906 detinentes
1499 1851 1613 1919 ibidem,
1635 1869 1764 1930 magnum

93 1941 175 1995 stella
201 1941 337 2011 episcopii
365 1941 391 1996 ei
418 1941 544 2002 tradidit:
579 1939 682 1994 clerum
708 1953 819 2009 quoqne
848 1952 909 1991 curn
960 1941 986 1995 ei
1003 1942 1134 1995 honorem
1151 1947 1177 1994 31
1189 1941 1371 1996 reverentiam
1394 1942 1551 1997 exibebant.
1570 1944 1702 2016 Sepultus
1723 1955 1768 2002 est

94 2027 201 2099 populo
218 2027 244 2082 ei
264 2027 379 2083 obedire
394 2029 528 2099 precepit.
556 2027 723 2095 llecomnia‚
751 2034 781 2082 ut
796 2026 908 2098 quidam
961 2040 1050 2086 antem
1075 2046 1136 2085 eum
1165 2031 1272 2104 aragois
1291 2031 1415 2086 omniurn
1445 2032 1567 2088 lacrimis
1595 2035 1622 2088 in
1649 2036 1766 2093 ecclesia

93 2120 267 2186 existimant,
283 2119 349 2176 lecit
373 2122 523 2192 imperator
543 2121 659 2177 consilio
674 2119 798 2175 balduini
819 2117 907 2173 comi·
959 2121 1227 2192 maiori'beatissime
1242 2122 1326 2177 blarie
1347 2123 1394 2178 1131
1409 2124 1563 2197 genitricis,
1585 2125 1613 2180 in
1630 2127 1691 2183 loco
1718 2127 1764 2183 nbi

94 2213 131 2268 tis
158 2214 323 2269 llainoensis
352 2213 439 2286 (159).
468 2215 534 2269 Nam
564 2223 676 2286 propter
712 2213 801 2285 ipsius
829 2209 908 2266 ducis
959 2214 1766 2289 11331331113333133Ϊ3331113313333333336333133333-

94 2305 635 2379 3333333331133313331331333333
665 2304 760 2361 odium
777 2302 906 2358 infestum
958 2301 1093 2368 33111131
1117 2305 1228 2360 luerunt
1257 2305 1447 2365 interfectores
1462 2308 1599 2381 episcopi,
1629 2319 1657 2367 et
1676 2328 1691 2367 a
1710 2328 1765 2386 quo

93 2396 215 2454 habebat
230 2397 318 2469 ipsius
346 2398 467 2454 fratrem.
484 2399 546 2470 lpse
562 2414 627 2453 vero
652 2398 799 2453 lutbertus
824 2395 907 2451 irater
958 2396 1045 2463 missi,
1061 2397 1203 2469 ignoratur
1217 2398 1311 2469 (teob
1336 2400 1390 2456 hoe
1403 2407 1496 2458 tamen
1516 2402 1612 2471 scitur,
1640 2406 1714 2476 quod
1729 2405 1765 2462 de

94 2492 189 2558 ducis,
221 2490 321 2547 ridens
348 2491 376 2546 in
410 2508 440 2546 sc
474 2492 573 2547 iactam
602 2490 778 2560 injusticiam,
807 2489 906 2544 timore
940 2485 1100 2540 'Germania
1123 2486 1260 2555 venerint,
1290 2495 1318 2543 et
1348 2488 1414 2545 illuc
1437 2489 1605 2564 aufugerint.
1632 2491 1670 2548 Vo
1699 2492 1763 2560 iltis,

95 2581 272 2651 imperatoris
288 2579 384 2635 babitu
410 2580 541 2650 pauperis
560 2579 674 2636 riatoris
694 2582 847 2648 assumpto,
870 2577 904 2632 ad
956 2577 1021 2648 quia
1046 2578 1090 2632 ria
1115 2578 1181 2633 Cain
1202 2579 1342 2648 abierunt,
1370 2583 1417 2654 qui
1451 2582 1564 2639 tratrem
1587 2600 1668 2640 snum
1698 2585 1765 2641 Abel

93 2673 184 2745 pedes
198 2672 330 2727 celestini
345 2688 424 2743 papae
440 2671 581 2727 lateranis
590 2670 724 2741 pervenit.
742 2669 840 2724 11311113
856 2685 906 2724 an·
955 2669 1060 2738 justum
1076 2671 1104 2725 in
1120 2687 1187 2746 agro
1204 2671 1352 2739 interiecit,
1378 2689 1393 2728 e
1408 2673 1586 2733 tabernaculo
1600 2683 1763 2736 extractum.

94 2770 151 2816 tem
166 2775 238 2833 papa
254 2760 401 2816 electionis
416 2760 523 2815 ratione
537 2766 564 2815 et
579 2759 739 2826 concordia,
757 2759 846 2814 electo
863 2758 908 2812 lit·
959 2760 1040 2832 Cujus
1054 2777 1187 2834 sequaces
1207 2763 1262 2831 isti,
1290 2772 1395 2834 patrem
1410 2782 1489 2822 suum
1508 2775 1535 2823 et
1561 2768 1705 2825 dominum
1729 2771 1765 2827 de

95 2862 170 2908 teras
197 2869 261 2907 suas
277 2852 400 2919 tradidit,
433 2852 644 2923 archiepiscopo
669 2852 803 2906 mandans
827 2848 908 2905 Colo·
958 2851 1070 2907 31111313
1091 2853 1218 2908 Remensi
1234 2854 1333 2911 callide
1348 2855 1510 2926 educentes,
1522 2866 1553 2914 ut
1565 2860 1681 2916 liberius
1696 2878 1764 2934 per·

93 2948 202 3014 niensi,
219 2947 284 3002 3131
298 2962 401 3001 munus
423 2945 548 3001 conterat
566 2945 791 3002 consecrationis¹
808 2945 907 3000 Lotba·
958 2948 1097 3013 petrarent
1119 2942 1263 3016 flagitium,
1280 2946 1403 3002 secundo
1429 2963 1525 3003 mense
1548 2951 1766 3008 consecrationis

92 3035 909 3108 1133131333133333133133133133,333333133133,33313113
960 3031 1020 3101 ejus
1047 3032 1090 3087 rix
1111 3031 1216 3104 elapso,
1244 3042 1327 3104 caput
1348 3036 1435 3091 saneti
1462 3038 1613 3095 sacerdotis
1632 3056 1766 3097 mucrone

94 3137 124 3184 et
140 3129 268 3198 ejusdem
286 3127 421 3199 episcopii
435 3128 515 3183 villas
534 3127 707 3199 33311333133
721 3127 820 3200 agebat
843 3142 910 3182 cau-

94 3236 151 3276 sas.
182 3220 381 3274 henamensis
409 3219 524 3294 Augusti
551 3235 678 3275 crescens
698 3225 725 3274 et
744 3219 909 3273 decrescens

96 3311 182 3366 nimis
197 3311 287 3367 extitit
303 3311 428 3382 pluviosa
444 3316 471 3366 et
484 3317 682 3381 tempestuosa,
699 3317 727 3365 ct
741 3309 910 3364 metentibus

96 3400 182 3455 nimis
208 3401 337 3466 molesta;
377 3407 469 3455 tamen
499 3400 673 3471 subsequens
716 3399 781 3453 luna
807 3397 911 3453 mensis

96 3494 271 3566 Septembris
298 3493 348 3548 luit
372 3495 505 3568 gratiosa,
529 3495 603 3549 unde
631 3493 730 3548 messis
759 3492 866 3547 triticea
884 3500 912 3546 et

97 3587 241 3643 vindemia
262 3585 439 3641 mediocriter
454 3586 504 3641 luit
525 3587 607 3642 bona.
626 3585 780 3640 llichardus
795 3599 840 3638 rex
856 3584 910 3636 iln-

99 3676 221 3749 glornnr,
237 3690 320 3746 supra
336 3684 460 3730 naturam
481 3676 629 3730 humanam
658 3674 776 3745 cupidus
804 3681 831 3728 ct
845 3688 910 3728 ara-

97 3785 159 3836 rus,
181 3769 628 3825 31313313113131133113111331333
644 3779 672 3824 et
689 3768 811 3837 33331113,
826 3786 842 3823 3
861 3770 909 3823 Sa-

47 3869 49 3872 ’
98 3864 230 3920 labadino
246 3879 347 3939 magno
363 3866 457 3936 333313
478 3866 536 3920 3331
563 3872 703 3936 33333313,
726 3865 906 3920 aschalonem

95 3952 346 4009 nominatissimam
366 3953 579 4009 christianorum
600 3953 737 4009 civitatem
759 3953 906 4009 snbvertit.

95 4048 254 4104 'tancredus
268 4048 365 4119 133113
390 4054 553 4119 tyrannusa
578 4048 714 4103 1131331133
737 4064 808 4118 3333
830 4062 908 4102 corn-

96 4141 195 4212 pnlsns
211 4140 413 4210 imperatricem
439 4142 474 4195 dc
489 4140 613 4197 custodia
635 4140 769 4204 relaxans,
787 4139 908 4209 impera·

98 4232 152 4289 tori
170 4232 294 4287 remittit.

133 4320 292 4376 Willelmus
312 4321 457 4376 hamensis
488 4321 724 4392 archiepiscopus,
758 4319 857 4375 litteris
893 4334 909 4372 a

98 4411 239 4468 Celestine
269 4428 340 4484 papa
365 4412 495 4484 acceptis,
526 4413 685 4468 lutbertum
713 4411 910 4467 leodicensem

98 4505 218 4561 electum
245 4504 272 4559 in
289 4505 399 4560 31311313
427 4505 558 4560 ilamensi
573 4520 668 4560 mense
684 4503 838 4576 Septembri
852 4503 912 4573 epi·

99 4612 217 4669 scopam
256 4598 439 4654 consecrarit.
468 4597 699 4668 133111331333333
726 4598 808 4653 etiarn
832 4594 912 4651 Colo·

81 4685 217 4758 niensis,
235 4685 270 4739 33
298 4687 358 4756 ejus
381 4685 592 4742 consecratione
612 4703 643 4741 se
670 4702 815 4752 excusans,
842 4690 871 4739 ut
886 4683 911 4738 31

98 4790 204 4830 munus
223 4775 442 4831 consecrationis
462 4775 629 4845 imponeret,
655 4791 706 4845 per
725 4774 830 4830 litteras
847 4787 912 4827 3333

961 3122 1265 3193 133133131113333331.
1281 3126 1405 3182 Prudens
1422 3129 1519 3197 lector,
1534 3140 1600 3187 nota
1615 3132 1766 3189 inauditam

960 3212 1130 3282 proditorum
1146 3214 1305 3270 versutiam.
1320 3215 1410 3272 Pridie
1424 3218 1499 3273 enim
1512 3235 1594 3290 quam
1618 3222 1670 3276 ista
1684 3237 1767 3298 agere

961 3302 1158 3372 deliberarent,
1173 3306 1327 3361 hominium
1344 3308 1369 3362 ei
1386 3308 1523 3375 lecerunt,
1544 3327 1637 3367 33333
1652 3313 1769 3371 haberet

961 3399 1113 3462 suspectos.
1136 3392 1171 3447 Ve
1188 3393 1280 3462 impiis
1299 3395 1490 3463 traditoribus,
1511 3413 1627 3468 quorum
1643 3399 1769 3471 impicta-

963 3482 1082 3543 13313311
1098 3482 1272 3548 revelabunt,
1285 3492 1312 3539 et
1327 3493 1398 3541 terra
1411 3487 1542 3544 adversus
1557 3505 1605 3545 eos
1621 3498 1769 3568 consurget

961 3581 988 3634 in
1002 3577 1047 3631 die
1060 3574 1159 3630 luroris
1171 3576 1289 3643 Domini,
1307 3578 1360 3632 nisi
1380 3578 1481 3635 inerint
1497 3581 1612 3639 homino
1629 3589 1767 3655 prestante

961 3666 1096 3726 eonrersi.
1118 3665 1192 3720 luter
1207 3666 1373 3724 lticbardnm
1390 3684 1482 3743 regem
1509 3672 1658 3747 anglorum
1673 3680 1701 3730 31
1722 3673 1769 3730 Sa-

961 3759 1133 3830 lahadinum,
1145 3756 1311 3815 christianos
1325 3775 1438 3832 quoque
1457 3767 1486 3817 et
1501 3762 1667 3819 Sarracenos
1677 3771 1767 3819 trans-

959 3852 1092 3921 marinos,
1108 3851 1219 3908 inducie
1233 3851 1315 3905 trium
1331 3866 1466 3908 annorum
1492 3852 1645 3919 firmantur,
1666 3855 1768 3910 misera

957 3947 1123 4003 condicione
1140 3947 1314 4018 interposite,
1335 3955 1365 4003 ut
1379 3946 1474 4003 3131133
1494 3949 1629 4006 aschalon
1652 3948 1768 4029 nobilis·

957 4043 1027 4097 sima
1041 4043 1248 4099 subverteretur
1266 4058 1282 4097 3
1308 4042 1419 4099 nostris.
1435 4043 1511 4116 lingo
1533 4044 1589 4100 dux
1599 4044 1770 4118 Burgundio

958 4151 1024 4190 num
1039 4134 1141 4189 ibidem
1156 4135 1286 4199 moritum
1303 4135 1346 4189 cui
1366 4135 1393 4189 in
1410 4136 1509 4191 ducatu
1540 4136 1767 4211 Burgundionum

958 4223 1090 4278 suecessit
1103 4223 1171 4291 Odo,
1196 4223 1270 4278 silius
1284 4223 1354 4292 eius.
1375 4223 1451 4277 hlulti
1475 4223 1576 4279 milites
1599 4223 1684 4277 armis
1697 4228 1770 4278 stre-

960 4312 1007 4366 nui
1029 4313 1081 4368 hoc
1095 4329 1168 4368 anno
1183 4319 1258 4367 trans
1273 4327 1349 4367 mare
1364 4317 1428 4367 sunt
1445 4310 1556 4379 mortui,
1576 4310 1689 4382 quidam
1704 4310 1770 4366 Sar-

963 4417 1123 4457 racenorum
1139 4402 1239 4477 gladiis
1263 4399 1432 4469 interempti,
1447 4399 1493 4453 alii
1518 4413 1583 4454 vero
1608 4405 1698 4455 morte
1718 4414 1770 4454 na·

964 4494 1052 4549 133311.
1068 4492 1182 4549 Residui
1201 4499 1292 4546 autem
1306 4496 1420 4561 excepto
1439 4489 1556 4545 ilenrico
1575 4504 1640 4564 rege
1659 4489 1769 4559 311313,

963 4599 1058 4653 parurn
1075 4583 1112 4637 ibi
1128 4578 1315 4652 proficientes,
1328 4579 1362 4633 ad
1378 4578 1490 4650 propria
1504 4584 1568 4634 sunt
1582 4578 1697 4636 reversi.

999 4679 1076 4734 1193.
1117 4678 1147 4732 11.
1168 4677 1195 4731 3.
1235 4675 1262 4731 F.
1285 4674 1329 4731 13.
1369 4675 1448 4729 ht.

997 4770 1091 4824 Mense
1125 4766 1255 4823 ianuario
1284 4765 1422 4840 peregrini
1453 4767 1627 4823 transmarini
1657 4767 1691 4823 sd
1720 4781 1771 4824 nos

97 4866 232 4939 optinuit.
250 4867 382 4923 Henricus
394 4867 545 4937 imperator
560 4867 686 4922 audiens.
705 4866 779 4938 quod
795 4865 913 4921 liutber-
962 4861 1064 4917 reversi
1078 4866 1152 4926 sunt,
1169 4859 1205 4913 dc
1231 4859 1439 4928 recuperatione
1464 4864 1536 4913 terre
1555 4857 1673 4930 perdite,
1694 4857 1770 4928 quod

99 4967 144 5014 tus
179 4957 357 5014 leodicensis
387 4959 493 5013 eleetos
515 4957 870 5033 gratiam'eonsecrationis
897 4974 913 5012 a
964 4966 1014 5007 nos
1025 4950 1169 5005 letificaret
1184 4950 1226 5005 rel
1242 4949 1344 5020 scripto
1360 4949 1475 5023 dignum
1489 4957 1573 5016 esset,
1589 4947 1674 5002 nichil
1690 4961 1766 5002 nun·

98 5068 172 5124 papa
197 5058 225 5106 et
239 5052 369 5107 Romanis
384 5058 479 5108 eontra
498 5068 579 5107 suurn
594 5053 765 5123 propositum
783 5052 911 5122 impetra·
961 5045 1077 5100 cientes.
1095 5041 1247 5097 bichardus
1265 5051 1359 5099 sancte
1372 5041 1506 5099 memorie
1521 5055 1671 5098 conversus
1685 5038 1772 5112 Aqui-

97 5141 180 5208 rerit,
199 5141 315 5196 nimium
327 5141 488 5216 indignatus
508 5140 639 5196 leodium
656 5142 731 5196 renit
754 5143 862 5213 (Sept),
884 5146 912 5195 31
962 5135 1110 5193 3133133313
1125 5135 1250 5204 moritur,
1276 5142 1304 5191 et
1319 5136 1347 5191 in
1364 5135 1462 5191 eodem
1483 5131 1652 5190 monasterio
1670 5129 1772 5202 sepeti-

888 5261 993 5318 NOTAE.

137 5386 211 5457 :todi
236 5386 431 5457 Nequaquam
462 5386 609 5440 halduinus
633 5385 705 5439 enim
735 5399 785 5454 pro
817 5399 919 5440 conso·
974 5381 1604 5455 33333333338313313333331133313331
1624 5381 1771 5452 imperato,

101 5458 186 5514 brino
212 5457 393 5513 3333133313
422 5458 456 5512 de
483 5455 603 5512 lteitesta
632 5455 747 5510 multum
768 5454 921 5521 laborabat,
977 5471 1034 5509 rem
1055 5454 1118 5509 dele
1139 5457 1204 5523 arit,
1226 5472 1252 5526 p.
1268 5456 1332 5522 itt,
1357 5454 1498 5518 333131,
1512 5454 1566 5510 139
1579 5470 1621 5525 sq.
1638 5448 1775 5506 attesto-

100 5531 145 5585 cui
161 5540 190 5585 et
202 5531 352 5600 imperator
366 5538 555 5600 episcopatum
572 5528 746 5606 promiserat,
761 5526 810 5580 sed
827 5533 922 5597 postea
1012 5524 1086 5596 (too)
1120 5474 1178 5584 331
1211 5526 1389 5583 lovaniensis
1412 5525 1440 5580 id
1469 5525 1627 5599 imperatori
1654 5524 1772 5593 imputa·

101 5609 219 5674 accepta
239 5600 324 5656 nimia
340 5600 469 5671 pecunia,
485 5600 614 5657 Lotbario
630 5597 753 5655 contulit.
779 5596 816 5652 Cl.
840 5597 928 5655 111313-
985 5596 1038 5651 331.
