3720 6014
89 192 155 247 1089
610 187 650 240 tit
669 186 813 241 ructato
834 186 1011 241 (lutoldum.
1034 218 1068 227 -
1089 188 1151 241 tttt·
1175 188 1219 241 lli.
1682 189 1753 242 1090

87 317 208 372 reddidit
227 333 276 388 pro
292 317 383 387 culpa,
399 317 426 370 iu
448 320 570 385 posteros
586 314 792 370 transfundatur
812 329 893 384 poena
905 319 931 384 Α
944 314 1006 369 aliis
1017 315 1247 387 inaequalitatibus
1262 315 1427 379 innumeris,
1441 323 1468 368 ct
1480 314 1648 370 adultimum
1665 322 1752 371 morte

88 426 148 464 eum
169 410 260 479 culpa,
283 417 310 463 et
325 425 386 463 cum
403 423 484 479 pruna
503 415 650 462 nascautur
664 408 710 479 qui
734 424 795 463 cum
813 406 894 477 culpa
944 403 1082 457 cruciatur
1097 402 1286 457 indesinenter
1310 403 1390 458 bomo
1406 402 1499 467 miser,
1524 403 1637 474 punitur
1655 404 1683 458 iu
1697 405 1755 459 suis

88 511 229 562 cruentum
247 500 479 570 meritonamqne
499 499 894 569 quodnonvultpatiturper
945 492 1082 547 mortibus
1114 491 1343 563 propinquorum,
1372 492 1456 547 variis
1476 492 1658 549 incommodis
1686 495 1755 548 ami-

85 592 222 661 justitiam
238 593 285 663 qui
300 590 365 646 fecit
393 590 467 661 quod
484 589 570 645 uoluit
585 598 679 646 contra
699 589 845 659 justitiam.
866 588 898 643 Et
946 601 1053 654 corum,
1069 586 1306 656 etmultiplicibus
1321 587 1429 642 damnis
1444 603 1555 643 suarum
1572 605 1678 644 rerum.

91 681 189 735 merito
212 679 309 735 uolens
325 678 427 749 patitur
446 693 568 748 poenam,
593 678 640 749 qui
656 677 753 733 volens
774 678 897 733 descruit
966 738 968 743 ,

89 769 235 837 justitiam.
251 769 328 823 Juste
344 765 458 838 punitur
478 766 587 830 uolens,
610 765 657 837 qui
672 767 743 821 male
770 767 836 822 tecit
849 781 898 821 vo·

89 860 162 927 leus,
182 869 212 915 ut
228 875 282 915 nou
298 858 396 914 euadat
407 857 551 926 justitiam,
566 857 613 930 qui
634 857 897 928 descritJ‘ustitiam3

92 965 154 1002 uam
178 947 200 1002 si
216 946 319 1003 deserit
333 962 405 1013 eam,
425 946 498 1001 male
517 946 656 1015 faciendo,
672 947 771 1003 incidit
791 948 819 1002 in
838 963 898 1003 eam

88 1041 163 1107 juste
173 1038 327 1109 puniendo.
345 1037 373 1090 Si
394 1035 526 1108 relinquit
536 1052 596 1092 cam
613 1036 789 1104 inobediens,
801 1036 898 1092 recidit

92 1131 121 1185 in
136 1147 196 1185 eam
213 1130 279 1185 clure
296 1129 413 1201 patiens.
437 1127 464 1181 Si
478 1128 594 1196 justitiae
607 1127 736 1183 subditus
755 1143 816 1183 esse
843 1142 899 1184 nou

92 1225 327 1291 vultobedicndo,
343 1222 471 1278 subditus
486 1224 575 1288 estei,
591 1222 655 1278 uelit
668 1223 746 1289 nolit,
756 1223 898 1292 patiendo.

93 1316 124 1372 Et
139 1332 220 1389 quam
234 1314 338 1370 devitat
352 1313 493 1369 uoluntate
510 1314 652 1381 iustitiam,
673 1313 788 1369 incurrit
803 1329 900 1369 ncces-

94 1408 183 1462 sitate.
201 1407 231 1461 ut
256 1416 337 1479 urget
362 1421 424 1460 eum
449 1405 522 1472 iusta
543 1405 701 1465 necessitas.
722 1421 803 1477 quem
826 1412 901 1461 tenet

94 1500 196 1567 injusta
211 1499 345 1554 voluntas.

147 1627 222 1693 Quod
236 1629 266 1680 iu
280 1627 336 1680 sota
347 1627 486 1681 εειεειειε
497 1626 627 1679 meritum
645 1631 683 1679 est
703 1626 845 1680 rationulis

445 1717 553 1766 cutura

133 1827 161 1881 ln
188 1827 328 1882 voluntate
353 1841 419 1881 uero
444 1840 602 1896 peccamus,
628 1825 671 1879 vel
700 1824 900 1892 benefacimus,

1100 717 1175 783 Quod
1189 717 1268 785 culpa
1279 720 1371 787 nequit
1383 732 1437 772 csse
1448 720 1507 773 sinc
1513 733 1603 788 poenu.

985 825 1045 880 llaec
1064 834 1128 880 suut
1143 825 1214 879 mala
1233 841 1295 896 quae
1312 825 1377 881 facit
1397 827 1467 882 licus
1489 833 1518 882 ut
1533 829 1653 898 patiatur
1669 829 1752 886 bomo

950 928 999 985 pro
1010 912 1083 969 malo
1097 913 1170 983 quod
1186 929 1240 969 uon
1254 912 1319 969 fecit
1338 915 1419 982 Deus,
1435 922 1462 971 ει
1477 915 1542 971 fecit
1557 917 1649 972 bomo.
1666 918 1695 972 Et
1711 918 1754 972 bis

949 1005 1029 1060 malis
1043 1019 1104 1076 qnae
1124 1003 1189 1059 fecit
1204 1006 1287 1071 licus,
1310 1006 1385 1075 juste
1408 1006 1522 1076 punitur
1540 1008 1689 1064 humanum
1711 1024 1757 1082 go·

949 1113 1000 1151 nus
1015 1111 1064 1166 pro
1080 1096 1232 1168 malisque
1255 1112 1310 1152 non
1332 1097 1397 1153 lecit
1413 1098 1495 1165 Deus,
1511 1109 1538 1154 et
1567 1100 1632 1155 lecit
1658 1102 1756 1155 liuma-

949 1205 1014 1244 num
1029 1204 1118 1263 genus
1157 1188 1187 1243 Et
1206 1189 1342 1244 contrabit
1361 1189 1512 1245 humanum
1533 1208 1623 1264 genus
1649 1193 1752 1248 malum
1787 1208 1788 1215 ¹

950 1279 1024 1351 quod
1039 1278 1102 1334 fecit
1116 1280 1196 1343 lteus,
1212 1286 1241 1333 ει
1253 1294 1364 1350 semper
1388 1280 1489 1335 liabent
1504 1282 1682 1339 miserhomo
1698 1299 1757 1355 prr-

951 1387 1013 1425 nam
1028 1387 1104 1425 suam
1126 1371 1300 1438 conjunctam
1319 1377 1441 1440 peccato,
1455 1379 1483 1426 ot
1496 1381 1558 1446 agat
1576 1373 1756 1445 temporalem

953 1463 1034 1519 vitam
1051 1479 1112 1519 cum
1133 1479 1224 1533 perna,
1245 1463 1292 1534 qui
1319 1465 1500 1534 temporalem
1522 1465 1605 1519 vitam
1620 1467 1676 1540 agit
1694 1483 1756 1523 cum

903 1585 929 1652 B
954 1553 1045 1623 culpa,
1066 1557 1191 1622 atquem
1208 1551 1288 1622 eulpa
1304 1558 1388 1616 tenet,
1413 1552 1487 1609 linire
1501 1569 1610 1623 semper
1625 1570 1706 1625 poena
1721 1556 1733 1610 f
1748 1586 1759 1595 -

952 1645 1027 1716 tiget.
1055 1642 1116 1697 llaec
1130 1649 1172 1696 est
1188 1642 1299 1696 bumaui
1314 1643 1426 1715 generis
1441 1644 1564 1700 conditio
1578 1646 1757 1713 miserabilis,

954 1732 1013 1786 brec
1025 1729 1194 1787 inevitabilis
1207 1730 1370 1796 necessitas,
1381 1737 1410 1785 ut
1419 1747 1530 1803 semper
1541 1733 1691 1788 babeamus
1701 1736 1760 1790 eul-

954 1837 1027 1893 pam,
1044 1814 1156 1892 sompar
1174 1821 1326 1875 habeamus
1347 1830 1374 1876 ει
1388 1838 1508 1893 poenam.
1531 1825 1560 1878 ln
1577 1825 1761 1881 haccitanae

95 1919 159 1989 quia
183 1919 210 1972 in
225 1918 367 1973 voluntate
389 1925 430 1973 est
445 1922 532 1973 totum
549 1917 679 1972 meritum
700 1923 841 1982 nostrum;
861 1915 900 1970 si·
950 1914 1056 1971 solvere
1071 1914 1172 1971 collum
1188 1930 1335 1985 possumus
1349 1932 1364 1970 a
1380 1916 1447 1990 jugo
1468 1917 1566 1989 culpae,
1586 1934 1638 1975 uec
1652 1921 1760 1977 euitare

96 2012 208 2083 quidem
224 2012 359 2084 quidquid
373 2027 523 2078 meremur,
534 2011 675 2067 voluntate
686 2026 833 2076 meremur,
849 2025 902 2065 nec
951 2007 1061 2079 penitus
1071 2006 1264 2062 necessitatem
1279 2022 1378 2077 poenae.
1398 2007 1460 2062 llaec
1480 2008 1573 2079 culpa,
1588 2019 1616 2065 ει
1628 2011 1688 2066 haec
1701 2029 1761 2083 poe·

97 2103 144 2158 ubi
161 2105 288 2159 voluntas
303 2103 391 2170 abest,
408 2103 493 2157 ullum
515 2112 557 2158 est
573 2103 714 2166 meritum;
742 2101 788 2156 ubi
809 2108 900 2155 autem
952 2111 987 2150 ua
1002 2096 1090 2166 culpae
1103 2094 1154 2149 fuit
1170 2094 1196 2148 iu
1214 2095 1302 2165 primo
1324 2095 1448 2162 bomine,
1469 2097 1554 2153 alteo
1575 2099 1686 2169 quidem
1703 2117 1761 2171 pirn-

97 2199 139 2248 cst
156 2193 295 2259 meritum,
310 2191 347 2246 ibi
363 2201 404 2246 est
416 2191 490 2258 insta
519 2207 600 2263 poena
620 2191 665 2246 vel
680 2191 832 2263 praemium.
852 2190 903 2244 Bc·

99 2285 227 2340 nedictus
241 2284 313 2338 Deus
325 2283 371 2354 qui
383 2281 511 2353 posuitin
523 2282 664 2338 voluntate
679 2287 783 2347 nostra,
797 2288 904 2335 utrum·

98 2377 167 2432 libet
182 2385 224 2432 est
238 2375 319 2431 nobis
334 2374 467 2431 futurum.
488 2373 559 2437 Quid
575 2372 666 2446 ergo?
681 2373 757 2428 Sicut
767 2371 903 2431 volumus,

98 2469 140 2524 sic
154 2467 328 2524 habebimus.
348 2467 375 2520 Si
390 2467 517 2522 uolumus
537 2466 685 2535 justitiam,
710 2466 786 2535 juxta
806 2463 904 2520 volun·

99 2562 180 2610 tutem
194 2554 319 2626 sequitur
334 2553 462 2609 meritum
479 2553 589 2625 palmae.
611 2553 639 2608 Si
653 2553 781 2609 volumus
796 2552 905 2621 injusti-

98 2651 174 2711 tiam,
198 2655 293 2704 contra
314 2649 483 2704 uoluntatem
510 2648 635 2721 sequitur
657 2647 785 2703 meritum
806 2661 904 2717 poenae.

100 2739 263 2794 Utrumlibet
280 2753 346 2812 erqo
376 2752 580 2809 consequamur
605 2746 646 2794 cst
673 2737 701 2791 in
723 2744 817 2792 nostra
831 2741 908 2806 pote-

99 2838 179 2896 state,
195 2832 258 2903 quia
274 2838 316 2885 cst
333 2832 361 2885 in
381 2836 475 2887 nostra
499 2823 651 2885 voluntate.
669 2828 741 2883 Nibil
756 2828 830 2883 enim
851 2834 905 2882 tum

956 2203 1000 2252 ua,
1030 2185 1064 2240 ab
1086 2185 1197 2241 bomine
1220 2202 1287 2241 uero
1319 2186 1409 2258 culpa.
1437 2186 1520 2258 Culpa
1546 2189 1667 2245 bominis
1693 2206 1764 2261 opus

956 2283 1052 2333 contra
1077 2276 1173 2344 Deum,
1200 2292 1282 2347 poeua
1296 2291 1367 2347 opus
1382 2277 1429 2332 Itei
1444 2286 1541 2334 contra
1556 2279 1707 2335 bominem.
1732 2281 1764 2336 Et

955 2366 1026 2422 sicut
1044 2365 1079 2421 ab
1107 2365 1191 2421 Adam
1210 2366 1291 2436 eulpa
1312 2366 1421 2421 transiit
1448 2367 1475 2421 iu
1505 2367 1633 2423 homiues
1656 2384 1764 2430 omncs.

956 2456 1035 2510 itaet
1056 2468 1139 2526 poeua
1158 2454 1261 2524 culpae3
1287 2468 1342 2510 non
1360 2455 1433 2510 euim
1448 2456 1508 2512 sino
1527 2473 1610 2527 poena
1629 2460 1718 2528 potuit
1737 2459 1764 2513 in

957 2543 1120 2601 bominibus
1138 2559 1200 2598 esse
1230 2544 1321 2615 culpa.
1346 2544 1462 2601 Necesse
1487 2552 1529 2601 cst
1547 2562 1624 2617 ergo,
1638 2547 1666 2600 in
1686 2547 1767 2603 nobis

957 2652 1019 2693 csse
1033 2635 1183 2691 uindictam
1205 2635 1254 2690 Dei
1276 2651 1326 2706 pro
1345 2637 1425 2708 culpa
1448 2643 1551 2704 nostra,
1567 2639 1638 2693 sicut
1663 2638 1690 2692 in
1708 2639 1767 2710 pri-

957 2737 1032 2776 mum
1047 2722 1185 2777 bominem
1206 2723 1254 2779 Dei
1270 2722 1390 2779 uindicta
1414 2724 1489 2779 uenit
1501 2741 1551 2796 pro
1566 2726 1647 2797 culpa
1662 2743 1722 2795 sua,
1738 2733 1768 2782 ut

958 2813 1004 2886 qui
1020 2815 1187 2870 contrahunt
1200 2814 1320 2887 culpam,
1336 2816 1500 2871 contrahant
1519 2822 1546 2870 et
1566 2833 1685 2887 prunam.
1712 2818 1767 2873 llu«

102 2931 144 2979 est
168 2924 194 2977 iu
210 2930 303 2980 nostra
323 2930 459 2994 potestate
480 2938 561 2994 quam
583 2922 710 2978 voluutas
725 2927 829 2987 nostra,
845 2935 907 2974 nam
921 2923 946 2993 (ζ
960 2920 1068 2959 minam
1084 2904 1159 2960 essim
1173 2911 1297 2961 ”illlam
1319 2906 1445 2977 accipere
1460 2906 1604 2975 dehemus,
1626 2908 1767 2980 l¹0⁰(l110d

100 3032 162 3087 quae
186 3023 286 3072 nostrae
302 3015 445 3087 potestatis
467 3021 541 3080 sunt,
560 3022 635 3070 teuto
655 3012 744 3088 magis
772 3013 909 3067 innostra
960 3000 1019 3049 elli
1038 2993 1065 3047 ln
1086 2993 1176 3066 Plim⁰
1193 2994 1305 3050 h⁰ffll¹¹⁰
1320 2995 1471 3066 Ρθθῑθΐῑΰῦι
1492 3011 1549 3051 ¹¹⁰⁰
1572 2997 1646 3068 q¹¹⁰d
1662 3004 1722 3053 elai
1738 2998 1766 3053 5¹¹

102 3108 238 3173 potestate
264 3109 328 3157 suut
350 3101 552 3175 quantomagis
567 3102 596 3156 iu
621 3102 773 3164 uoluntate,
799 3105 826 3154 ct
845 3099 910 3171 quia
961 3081 1021 3153 59⁵0
1050 3081 1135 3153 illus·
1160 3082 1248 3155 Elidit
1275 3083 1348 3137 enlm
1377 3099 1392 3137 ³
1421 3083 1500 3139 *0¹³ss
1526 3085 1646 3140 humina
1671 3093 1767 3141 ”fluia

101 3196 229 3251 voluutas
243 3203 336 3250 nostra
361 3194 543 3266 propinquior
562 3194 614 3248 sibi
629 3193 706 3248 adest
721 3200 749 3248 ει
768 3191 855 3266 magis
869 3198 912 3246 εει
961 3173 1035 3245 (lfl0d
1047 3173 1098 3229 flii
1112 3173 1141 3228 5¹¹
1156 3174 1245 3245 primo
1261 3181 1373 3244 lamule
1389 3177 1535 3246 Ρθῧῑθΐῑΰὸι
1552 3193 1608 3233 ¹¹⁰ss
1623 3179 1696 3249 (lUOd
1706 3178 1768 3233 sue·

103 3288 131 3342 in
144 3303 174 3342 se
184 3304 265 3359 quam
280 3295 390 3352 catera,
410 3286 475 3342 idco
487 3285 603 3340 maxime
618 3284 698 3339 estin
715 3289 852 3355 potestate
863 3298 910 3338 uo·

103 3390 176 3448 stra;
208 3397 263 3437 nou
280 3382 352 3437 euim
372 3396 434 3436 mea
458 3387 580 3452 potestas
595 3379 676 3434 babet
695 3377 771 3450 quod
795 3394 827 3432 ex
850 3392 911 3431 mea

104 3469 244 3525 uoluntate
267 3485 321 3524 nou
338 3468 449 3539 pendet,
466 3483 528 3522 nam
544 3466 631 3540 magis
653 3472 732 3540 urget
748 3464 910 3520 necessitato

104 3574 186 3631 quam
202 3556 322 3612 delectet
335 3561 469 3627 potestate
488 3554 562 3626 quod
578 3570 634 3609 nou
654 3562 696 3609 est
710 3554 737 3607 iu
757 3552 908 3608 uoluntate.

107 3654 134 3707 ln
150 3652 280 3709 omnibus
294 3662 360 3722 crgo
380 3653 468 3703 rectus
483 3649 621 3713 bossinus,
636 3653 662 3702 et
683 3660 738 3701 nou
752 3651 791 3700 cst
813 3645 912 3713 iniqui·

107 3750 148 3797 us
174 3745 203 3796 ira
230 3755 259 3796 eo
288 3738 370 3810 (Pscl.
399 3739 462 3804 xor).
484 3733 650 3790 Utrumlibet
683 3732 757 3788 cuim
782 3731 911 3797 uelimus,

108 3835 169 3904 ipse
184 3841 227 3888 est
241 3831 345 3894 bouus;
363 3845 424 3883 nam
439 3828 462 3883 si
477 3828 505 3882 in
516 3841 611 3882 amore
623 3824 742 3895 justitia,
755 3823 855 3880 merito
868 3837 914 3879 vo-

108 3924 222 3979 luntatis
247 3921 382 3977 retribuet
409 3919 550 3991 praemium
570 3918 651 3989 pius;
673 3917 695 3972 si
721 3916 796 3973 uliud
820 3920 863 3971 cst
885 3915 913 3969 in

107 4030 202 4071 umore
233 4019 328 4069 contra
352 4011 495 4081 justitiam,
516 4010 615 4068 morito
643 4009 792 4067 voluntatis
817 4023 914 4080 poeuas

962 3273 1003 3322 rat
1022 3268 1048 3321 iu
1083 3268 1144 3339 ipso
1165 3268 1258 3338 prius;
1287 3267 1351 3338 quia
1367 3269 1442 3339 quod
1457 3272 1533 3340 prius
1545 3271 1634 3326 fuerat
1648 3273 1676 3326 iu
1693 3274 1767 3344 ipso,

962 3358 1100 3429 perdidit;
1117 3360 1191 3430 quod
1210 3373 1275 3414 vero
1292 3360 1438 3430 posterius,
1465 3364 1576 3418 mansit.
1593 3363 1672 3427 Quod
1697 3365 1769 3422 bene

962 3447 1049 3503 fuerat
1084 3447 1160 3518 prius
1186 3445 1322 3517 perdidit;
1350 3449 1424 3518 quod
1453 3449 1524 3506 male
1550 3450 1600 3506 fuit
1620 3454 1769 3523 posterius,

962 3537 1071 3593 mansit.
1098 3537 1156 3592 Non
1182 3543 1272 3608 potest
1283 3538 1440 3594 humanitas
1465 3543 1610 3616 propagari
1626 3544 1678 3599 nisi
1695 3547 1769 3616 quod
1806 3551 1811 3558 ’

961 3637 1030 3686 orat.
1048 3629 1112 3684 ldco
1129 3644 1185 3684 non
1197 3645 1292 3685 sumus
1308 3631 1360 3685 nisi
1376 3632 1449 3703 quod
1477 3643 1545 3688 erat.
1569 3634 1690 3708 ldeoque
1718 3638 1769 3692 mi-

962 3718 1017 3773 seri
1032 3733 1138 3786 sumus,
1155 3718 1330 3790 quiamisera
1350 3729 1417 3775 erat.

964 3865 1038 3933 Quod
1056 3868 1151 3920 auimo
1166 3868 1425 3936 retorqueamus
1445 3872 1506 3934 iteri
1521 3876 1625 3943 nequit,
1648 3878 1702 3931 εει
1720 3879 1771 3933 tru-

1253 3970 1343 4010 mucoe
1361 3962 1478 4014 natura.

1000 4060 1088 4126 Quaeri
1112 4068 1203 4132 potest
1218 4063 1358 4134 quomodo
1374 4064 1501 4122 liumanae
1520 4069 1619 4125 auimae
1642 4081 1771 4130 creantur

106 4102 235 4157 retribuit
247 4101 347 4169 justus.
1133 4153 1139 4164 .
1162 4153 1169 4164 .
1315 4156 1321 4166 .

965 4169 979 4208 ε
995 4153 1050 4208 lico
1064 4154 1203 4225 quotrdre;
1217 4170 1291 4223 uam,
1300 4171 1323 4209 ει
1334 4156 1488 4214 substantia
1499 4174 1577 4215 novae
1589 4179 1715 4233 persouae
1727 4172 1769 4221 est

143 4229 366 4298 Ottodrall'mlss
380 4231 520 4282 '‘alumi'‘
532 4231 681 4298 multllm
694 4229 763 4297 quod
776 4227 876 4296 difidit·
964 4242 1061 4299 eadem
1077 4258 1138 4300 cum
1153 4259 1201 4299 sna
1213 4244 1319 4315 specie,
1335 4247 1474 4317 quomodo
1488 4247 1589 4304 dieitur
1599 4266 1680 4320 nova,
1693 4255 1772 4324 cujus

145 4337 175 4392 Ει
194 4339 258 4410 quta
273 4344 368 4394 eontra
395 4337 563 4394 voluntatem
587 4338 670 4393 bomo
682 4337 805 4408 punitur,
833 4336 860 4392 in
880 4351 915 4392 eo
965 4337 1007 4387 est
1020 4332 1132 4405 antiqua
1145 4332 1316 4387 substantia?
1339 4333 1461 4398 Qualiter
1478 4342 1588 4391 creatur
1605 4337 1700 4406 modo,
1721 4355 1771 4395 cu·

111 4428 223 4498 punitur
235 4428 310 4500 quod
323 4427 424 4503 diligit,
447 4434 477 4483 ει
490 4427 525 4482 de
545 4428 605 4498 ejus
632 4428 808 4484 incommodo
824 4427 916 4484 doleat
963 4424 1009 4492 jus
1023 4422 1177 4478 substantia
1191 4423 1270 4478 fuita
1289 4423 1445 4495 principio?
1460 4425 1549 4482 Manet
1568 4428 1643 4483 enim
1656 4431 1769 4500 specisu

111 4518 185 4591 quod
200 4525 283 4572 amat.
297 4517 413 4572 Ponitur
426 4532 491 4592 ergo
505 4517 534 4573 iu
553 4533 594 4585 se,
615 4525 642 4572 ct
657 4516 685 4571 in
712 4517 781 4584 suis,
801 4517 866 4588 quia
885 4532 915 4571 sc
967 4516 1000 4571 lis
1013 4524 1122 4583 natura,
1144 4516 1223 4585 cujus
1242 4522 1346 4572 uatnroe
1362 4526 1470 4573 creatur
1485 4519 1577 4575 anima
1600 4537 1681 4578 nova.
1699 4522 1772 4587 fluo-

110 4613 201 4688 diligit
220 4619 248 4668 et
262 4629 322 4669 sua.
343 4612 460 4668 Punitur
473 4612 501 4668 in
524 4628 564 4679 se,
584 4611 691 4667 scilicet
709 4610 801 4665 anima
815 4616 843 4666 et
858 4625 915 4666 cor·
966 4613 1048 4669 modo
1060 4627 1125 4687 ergo
1148 4627 1220 4668 noue
1234 4611 1265 4668 fir
1279 4613 1372 4680 bodie,
1394 4615 1473 4684 cujus
1488 4622 1584 4673 natura
1599 4619 1729 4675 manebat
1745 4619 1773 4675 in

111 4723 187 4778 pore.
210 4707 343 4762 inanima
366 4706 484 4762 enimet
506 4719 621 4776 corpore
634 4704 725 4760 statim
740 4704 848 4775 accepit
866 4720 914 4760 va·
965 4705 1069 4777 specie,
1089 4703 1225 4773 modom,
1242 4712 1270 4761 et
1283 4707 1360 4762 erat?
1379 4707 1449 4771 Quid
1470 4715 1511 4764 est
1528 4710 1598 4767 boc?
1614 4711 1682 4768 lluic
1697 4729 1774 4785 quae-

111 4800 249 4856 lctudincs
271 4797 454 4865 bomo,unde
481 4797 625 4868 puniretur
640 4811 689 4867 pro
709 4801 832 4868 peccato,
846 4811 916 4868 quas
965 4797 1048 4853 stioni
1077 4796 1261 4867 respondetur
1289 4797 1334 4852 ita.
1360 4799 1445 4868 Patet,
1464 4800 1543 4870 juxta
1560 4801 1642 4858 fidem
1658 4804 1774 4860 catholi-

112 4890 188 4960 prius
218 4904 273 4944 uon
301 4887 446 4954 babuerat,
466 4885 532 4956 quia
557 4885 680 4940 noudum
708 4890 859 4950 merueram
887 4885 916 4940 in
970 4903 1041 4955 cam,
1067 4888 1358 4960 quiucreaturanima
1377 4893 1491 4948 nouain
1510 4894 1774 4967 humauocorpore.

113 4981 216 5048 anima,
241 4995 361 5052 namque
377 4976 557 5033 confunditur
575 4976 738 5052 ignorantia,
760 4976 858 5032 timore
875 4983 919 5032 ta·
971 4980 1115 5036 litantem
1132 4981 1224 5037 anima
1245 4998 1307 5054 qum
1327 4991 1437 5040 creatur
1454 4990 1502 5042 aut
1516 4987 1643 5042 humanae
1659 4996 1774 5055 natura,

112 5073 210 5139 bescit,
231 5071 395 5146 aegritudine
410 5075 536 5136 testatur,
557 5067 719 5124 difficultate
732 5084 782 5123 sua
808 5075 835 5124 et
855 5085 920 5126 cor·
972 5075 1019 5124 aut
1033 5068 1145 5124 alterins
1160 5085 1241 5140 quam
1257 5071 1395 5138 humanae,
1415 5081 1462 5129 aut
1475 5073 1589 5130 nullius.
1605 5075 1658 5130 Sed
1675 5075 1776 5131 nullius

112 5165 189 5235 poris
208 5169 363 5235 torquetur,
385 5160 503 5217 infinitis
530 5159 765 5216 sollicitudinibus
784 5160 919 5216 distendi·
973 5167 1078 5216 naturae
1094 5159 1153 5216 fieri
1167 5177 1324 5232 personam,
1340 5171 1368 5218 et
1380 5164 1451 5220 inter
1466 5172 1578 5220 naturas
1593 5168 1691 5236 creari,
1702 5168 1776 5240 quod

112 5257 171 5316 tur3
192 5251 220 5305 in
232 5265 348 5322 corpore
371 5265 438 5306 vero
452 5248 593 5323 gravitatis
606 5248 744 5314 tarditate,
758 5249 917 5306 morborum
969 5249 1071 5304 nullam
1092 5249 1194 5304 babeat
1222 5259 1345 5306 naturam
1373 5261 1415 5307 est
1441 5252 1623 5325 impossibile.
1655 5256 1682 5310 Si
1711 5272 1776 5313 uero

112 5340 265 5407 doloribus,
284 5354 399 5410 operum
423 5337 641 5412 fatigationibus,
659 5338 783 5394 laborum
795 5338 916 5407 defectu,
967 5348 1075 5395 creatur
1100 5341 1128 5395 io
1151 5343 1273 5398 humano
1292 5358 1407 5414 corpore
1431 5345 1544 5401 alterins
1559 5352 1663 5404 natura
1684 5348 1777 5404 anima

114 5430 917 5507 iuediaerelingurgitationisinaequalitate,rigorefrigo·
967 5448 1048 5503 quam
1079 5432 1216 5502 bumauae,
1242 5435 1325 5490 etiam
1349 5435 1400 5491 boc
1425 5436 1575 5493 absurdum
1605 5444 1648 5493 est
1674 5440 1782 5495 dicere·

113 5517 150 5572 ris
175 5518 368 5586 contrahente,
390 5518 515 5576 aestiuum
548 5518 650 5576 sudore
680 5518 861 5589 dissolvente,
890 5528 918 5578 et
969 5523 1062 5580 Restat
1077 5535 1144 5594 ergo
1158 5530 1189 5578 ει
1212 5537 1274 5579 cum
1295 5530 1405 5580 creatur
1425 5540 1496 5584 nora
1522 5523 1571 5582 fiat
1586 5526 1712 5584 bumauae
1727 5543 1778 5582 na-
