<?xml version="1.0" encoding="UTF-8"?>
<!DOCTYPE html PUBLIC "-//W3C//DTD XHTML 1.0 Transitional//EN"
    "http://www.w3.org/TR/xhtml1/DTD/xhtml1-transitional.dtd">
<html xmlns="http://www.w3.org/1999/xhtml" xml:lang="en" lang="en">
 <head>
  <title>
</title>
<meta http-equiv="Content-Type" content="text/html;charset=utf-8" />
  <meta name='ocr-system' content='tesseract 3.04.00' />
  <meta name='ocr-capabilities' content='ocr_page ocr_carea ocr_par ocr_line ocrx_word'/>
</head>
<body>
  <div class='ocr_page' id='page_1' title='image "./patrologiaecurs69unkngoog_0173.png"; bbox 0 0 3720 6014; ppageno 0'>
   <div class='ocr_carea' id='block_1_1' title="bbox 117 210 1780 281">
    <p class='ocr_par' dir='ltr' id='par_1_1' title="bbox 117 210 1780 281">
     <span class='ocr_line' id='line_1_1' title="bbox 117 210 1780 281; baseline -0.019 -2"><span class='ocrx_word' id='word_1_1' title='bbox 117 227 170 281; x_wconf 72' lang='lat'><strong>335</strong></span> <span class='ocrx_word' id='word_1_2' title='bbox 723 211 894 268; x_wconf 71' lang='lat' dir='ltr'><strong>stultitius}</strong></span> <span class='ocrx_word' id='word_1_3' title='bbox 914 210 1172 267; x_wconf 74' lang='lat' dir='ltr'><strong>thatthaeuhsts</strong></span> <span class='ocrx_word' id='word_1_4' title='bbox 1727 220 1780 274; x_wconf 70' lang='lat'><strong>330</strong></span> 
     </span>
    </p>
   </div>
   <div class='ocr_carea' id='block_1_2' title="bbox 38 342 1788 5358">
    <p class='ocr_par' dir='ltr' id='par_1_2' title="bbox 111 342 1788 4435">
     <span class='ocr_line' id='line_1_2' title="bbox 120 342 1786 426; baseline -0.005 -12"><span class='ocrx_word' id='word_1_5' title='bbox 120 365 174 426; x_wconf 92' lang='lat' dir='ltr'><strong>tur,</strong></span> <span class='ocrx_word' id='word_1_6' title='bbox 192 357 276 425; x_wconf 87' lang='lat' dir='ltr'><strong>liujus</strong></span> <span class='ocrx_word' id='word_1_7' title='bbox 289 352 338 408; x_wconf 91' lang='lat' dir='ltr'><strong>viri</strong></span> <span class='ocrx_word' id='word_1_8' title='bbox 370 350 437 404; x_wconf 91' lang='lat' dir='ltr'><strong>mira</strong></span> <span class='ocrx_word' id='word_1_9' title='bbox 453 348 504 404; x_wconf 87' lang='lat' dir='ltr'><strong>luit</strong></span> <span class='ocrx_word' id='word_1_10' title='bbox 524 348 586 420; x_wconf 82' lang='lat' dir='ltr'>cybi</span> <span class='ocrx_word' id='word_1_11' title='bbox 607 357 634 402; x_wconf 88' lang='lat' dir='ltr'><strong>et</strong></span> <span class='ocrx_word' id='word_1_12' title='bbox 652 353 731 418; x_wconf 87' lang='lat' dir='ltr'><strong>potus</strong></span> <span class='ocrx_word' id='word_1_13' title='bbox 744 346 920 411; x_wconf 78' lang='lat' dir='ltr'><strong>abstinentia,</strong></span> <span class='ocrx_word' id='word_1_14' title='bbox 937 349 959 416; x_wconf 71' lang='grc' dir='ltr'>Α</span> <span class='ocrx_word' id='word_1_15' title='bbox 972 343 1066 409; x_wconf 89' lang='lat' dir='ltr'><strong>llario,</strong></span> <span class='ocrx_word' id='word_1_16' title='bbox 1079 342 1228 397; x_wconf 78' lang='lat' dir='ltr'><strong>Ambianis.</strong></span> <span class='ocrx_word' id='word_1_17' title='bbox 1240 343 1269 397; x_wconf 94' lang='lat' dir='ltr'><strong>ln</strong></span> <span class='ocrx_word' id='word_1_18' title='bbox 1281 344 1326 399; x_wconf 90' lang='lat' dir='ltr'><strong>die</strong></span> <span class='ocrx_word' id='word_1_19' title='bbox 1337 350 1429 399; x_wconf 88' lang='lat' dir='ltr'><strong>autem</strong></span> <span class='ocrx_word' id='word_1_20' title='bbox 1440 347 1786 418; x_wconf 74' lang='lat' dir='ltr'><strong>assumptionisejusdem·</strong></span> 
     </span>
     <span class='ocr_line' id='line_1_3' title="bbox 119 433 1788 513; baseline -0.003 -10"><span class='ocrx_word' id='word_1_21' title='bbox 119 448 206 504; x_wconf 90' lang='lat' dir='ltr'><strong>lectus</strong></span> <span class='ocrx_word' id='word_1_22' title='bbox 218 444 310 501; x_wconf 92' lang='lat' dir='ltr'><strong>nullus</strong></span> <span class='ocrx_word' id='word_1_23' title='bbox 324 447 371 496; x_wconf 88' lang='lat' dir='ltr'><strong>aut</strong></span> <span class='ocrx_word' id='word_1_24' title='bbox 392 440 488 506; x_wconf 91' lang='lat' dir='ltr'><strong>durus,</strong></span> <span class='ocrx_word' id='word_1_25' title='bbox 511 438 596 493; x_wconf 91' lang='lat' dir='ltr'><strong>vestis</strong></span> <span class='ocrx_word' id='word_1_26' title='bbox 623 437 741 506; x_wconf 80' lang='lat' dir='ltr'><strong>abiecta,</strong></span> <span class='ocrx_word' id='word_1_27' title='bbox 765 435 921 508; x_wconf 85' lang='lat' dir='ltr'><strong>compassio</strong></span> <span class='ocrx_word' id='word_1_28' title='bbox 973 435 1018 490; x_wconf 91' lang='lat' dir='ltr'><strong>die</strong></span> <span class='ocrx_word' id='word_1_29' title='bbox 1037 433 1185 501; x_wconf 88' lang='lat' dir='ltr'><strong>dominica,</strong></span> <span class='ocrx_word' id='word_1_30' title='bbox 1200 442 1329 505; x_wconf 77' lang='lat' dir='ltr'><strong>presente</strong></span> <span class='ocrx_word' id='word_1_31' title='bbox 1350 435 1488 493; x_wconf 82' lang='lat' dir='ltr'><strong>willelmo</strong></span> <span class='ocrx_word' id='word_1_32' title='bbox 1504 439 1715 513; x_wconf 78' lang='lat' dir='ltr'><strong>archiepiscopo</strong></span> <span class='ocrx_word' id='word_1_33' title='bbox 1732 442 1788 498; x_wconf 84' lang='lat' dir='ltr'><strong>Re-</strong></span> 
     </span>
     <span class='ocr_line' id='line_1_4' title="bbox 119 525 1783 612; baseline -0.004 -20"><span class='ocrx_word' id='word_1_34' title='bbox 119 553 184 612; x_wconf 84' lang='lat' dir='ltr'><strong>erga</strong></span> <span class='ocrx_word' id='word_1_35' title='bbox 197 549 335 608; x_wconf 89' lang='lat' dir='ltr'><strong>pauperes</strong></span> <span class='ocrx_word' id='word_1_36' title='bbox 353 538 380 587; x_wconf 94' lang='lat' dir='ltr'><strong>et</strong></span> <span class='ocrx_word' id='word_1_37' title='bbox 392 528 710 587; x_wconf 86' lang='lat' dir='ltr'><strong>monachosclaustrales</strong></span> <span class='ocrx_word' id='word_1_38' title='bbox 721 527 820 583; x_wconf 84' lang='lat' dir='ltr'><strong>eximia</strong></span> <span class='ocrx_word' id='word_1_39' title='bbox 838 525 920 597; x_wconf 69' lang='lat' dir='ltr'><strong>(tot).</strong></span> <span class='ocrx_word' id='word_1_40' title='bbox 973 525 1072 591; x_wconf 92' lang='lat' dir='ltr'><strong>mensi,</strong></span> <span class='ocrx_word' id='word_1_41' title='bbox 1098 525 1177 581; x_wconf 89' lang='lat' dir='ltr'><strong>Petro</strong></span> <span class='ocrx_word' id='word_1_42' title='bbox 1202 526 1394 594; x_wconf 88' lang='lat' dir='ltr'><strong>httrebatensi,</strong></span> <span class='ocrx_word' id='word_1_43' title='bbox 1420 527 1545 585; x_wconf 90' lang='lat' dir='ltr'><strong>Johanne</strong></span> <span class='ocrx_word' id='word_1_44' title='bbox 1574 529 1783 599; x_wconf 83' lang='lat' dir='ltr'><strong>Cameracensi,</strong></span> 
     </span>
     <span class='ocr_line' id='line_1_5' title="bbox 118 618 1787 694; baseline -0.001 -10"><span class='ocrx_word' id='word_1_45' title='bbox 118 629 252 685; x_wconf 87' lang='lat' dir='ltr'><strong>henricus</strong></span> <span class='ocrx_word' id='word_1_46' title='bbox 271 626 325 681; x_wconf 85' lang='lat' dir='ltr'><strong>dux</strong></span> <span class='ocrx_word' id='word_1_47' title='bbox 340 622 518 680; x_wconf 78' lang='lat' dir='ltr'><strong>lovaniensis</strong></span> <span class='ocrx_word' id='word_1_48' title='bbox 533 629 560 677; x_wconf 90' lang='lat' dir='ltr'><strong>et</strong></span> <span class='ocrx_word' id='word_1_49' title='bbox 580 620 836 692; x_wconf 89' lang='lat' dir='ltr'><strong>llcnricuspatruus</strong></span> <span class='ocrx_word' id='word_1_50' title='bbox 850 618 921 686; x_wconf 83' lang='lat' dir='ltr'><strong>ejus,</strong></span> <span class='ocrx_word' id='word_1_51' title='bbox 974 619 1131 676; x_wconf 91' lang='lat' dir='ltr'><strong>Thcabaldo</strong></span> <span class='ocrx_word' id='word_1_52' title='bbox 1158 620 1346 688; x_wconf 76' lang='lat' dir='ltr'><strong>ambianensi,</strong></span> <span class='ocrx_word' id='word_1_53' title='bbox 1372 621 1517 678; x_wconf 82' lang='lat' dir='ltr'><strong>lamberto</strong></span> <span class='ocrx_word' id='word_1_54' title='bbox 1534 623 1696 694; x_wconf 79' lang='lat' dir='ltr'><strong>hennensi,</strong></span> <span class='ocrx_word' id='word_1_55' title='bbox 1724 625 1787 683; x_wconf 90' lang='lat' dir='ltr'><strong>Ste-</strong></span> 
     </span>
     <span class='ocr_line' id='line_1_6' title="bbox 120 707 1785 795; baseline -0.002 -15"><span class='ocrx_word' id='word_1_56' title='bbox 120 720 173 775; x_wconf 76' lang='lat' dir='ltr'><strong>dux</strong></span> <span class='ocrx_word' id='word_1_57' title='bbox 198 713 400 781; x_wconf 64' lang='lat' dir='ltr'><strong>drdtnnessiisi</strong></span> <span class='ocrx_word' id='word_1_58' title='bbox 420 712 567 784; x_wconf 64' lang='lat' dir='ltr'><strong>insultum</strong></span> <span class='ocrx_word' id='word_1_59' title='bbox 601 715 696 766; x_wconf 71' lang='lat' dir='ltr'><strong>00⁰²f³</strong></span> <span class='ocrx_word' id='word_1_60' title='bbox 733 707 861 764; x_wconf 67' lang='lat' dir='ltr'><strong>⁰⁰fflllem</strong></span> <span class='ocrx_word' id='word_1_61' title='bbox 890 707 924 761; x_wconf 65' lang='lat' dir='ltr'><strong>de</strong></span> <span class='ocrx_word' id='word_1_62' title='bbox 975 716 1244 788; x_wconf 87' lang='lat' dir='ltr'><strong>phanoTornacensi</strong></span> <span class='ocrx_word' id='word_1_63' title='bbox 1261 716 1785 795; x_wconf 85' lang='lat' dir='ltr'><strong>ctaliissuffragaucisarchiepiscopi,</strong></span> 
     </span>
     <span class='ocr_line' id='line_1_7' title="bbox 118 802 1787 887; baseline 0 -19"><span class='ocrx_word' id='word_1_64' title='bbox 118 812 219 869; x_wconf 79' lang='lat' dir='ltr'><strong>ostada</strong></span> <span class='ocrx_word' id='word_1_65' title='bbox 239 811 313 881; x_wconf 69' lang='lat' dir='ltr'><strong>(toa)</strong></span> <span class='ocrx_word' id='word_1_66' title='bbox 328 816 356 864; x_wconf 91' lang='lat' dir='ltr'><strong>ct</strong></span> <span class='ocrx_word' id='word_1_67' title='bbox 370 806 528 865; x_wconf 76' lang='lat' dir='ltr'><strong>lotharium</strong></span> <span class='ocrx_word' id='word_1_68' title='bbox 545 804 655 861; x_wconf 83' lang='lat' dir='ltr'><strong>tratrem</strong></span> <span class='ocrx_word' id='word_1_69' title='bbox 671 805 740 878; x_wconf 89' lang='lat' dir='ltr'><strong>ejus,</strong></span> <span class='ocrx_word' id='word_1_70' title='bbox 755 818 837 877; x_wconf 90' lang='lat' dir='ltr'><strong>quem</strong></span> <span class='ocrx_word' id='word_1_71' title='bbox 850 802 925 858; x_wconf 92' lang='lat' dir='ltr'><strong>llen·</strong></span> <span class='ocrx_word' id='word_1_72' title='bbox 975 812 1002 861; x_wconf 90' lang='lat' dir='ltr'><strong>et</strong></span> <span class='ocrx_word' id='word_1_73' title='bbox 1015 806 1108 861; x_wconf 90' lang='lat' dir='ltr'><strong>multis</strong></span> <span class='ocrx_word' id='word_1_74' title='bbox 1124 806 1238 862; x_wconf 82' lang='lat' dir='ltr'><strong>Francie</strong></span> <span class='ocrx_word' id='word_1_75' title='bbox 1262 806 1436 879; x_wconf 89' lang='lat' dir='ltr'><strong>principibus</strong></span> <span class='ocrx_word' id='word_1_76' title='bbox 1451 809 1617 878; x_wconf 90' lang='lat' dir='ltr'><strong>astantibus,</strong></span> <span class='ocrx_word' id='word_1_77' title='bbox 1635 811 1713 887; x_wconf 89' lang='lat' dir='ltr'><strong>regio</strong></span> <span class='ocrx_word' id='word_1_78' title='bbox 1727 810 1787 868; x_wconf 90' lang='lat' dir='ltr'><strong>dia-</strong></span> 
     </span>
     <span class='ocr_line' id='line_1_8' title="bbox 119 899 1786 981; baseline -0.001 -17"><span class='ocrx_word' id='word_1_79' title='bbox 119 909 192 964; x_wconf 90' lang='lat' dir='ltr'><strong>ricus</strong></span> <span class='ocrx_word' id='word_1_80' title='bbox 207 907 358 978; x_wconf 92' lang='lat' dir='ltr'><strong>imperator</strong></span> <span class='ocrx_word' id='word_1_81' title='bbox 381 903 409 958; x_wconf 93' lang='lat' dir='ltr'><strong>in</strong></span> <span class='ocrx_word' id='word_1_82' title='bbox 429 902 494 959; x_wconf 92' lang='lat' dir='ltr'><strong>sede</strong></span> <span class='ocrx_word' id='word_1_83' title='bbox 510 902 658 956; x_wconf 84' lang='lat' dir='ltr'><strong>intruserat</strong></span> <span class='ocrx_word' id='word_1_84' title='bbox 684 899 857 962; x_wconf 81' lang='lat' dir='ltr'><strong>leodicensi,</strong></span> <span class='ocrx_word' id='word_1_85' title='bbox 874 912 923 969; x_wconf 92' lang='lat' dir='ltr'><strong>pro</strong></span> <span class='ocrx_word' id='word_1_86' title='bbox 976 901 1084 956; x_wconf 90' lang='lat' dir='ltr'><strong>demate</strong></span> <span class='ocrx_word' id='word_1_87' title='bbox 1101 909 1232 958; x_wconf 88' lang='lat' dir='ltr'><strong>coronata</strong></span> <span class='ocrx_word' id='word_1_88' title='bbox 1256 909 1308 965; x_wconf 82' lang='lat' dir='ltr'><strong>est,</strong></span> <span class='ocrx_word' id='word_1_89' title='bbox 1325 903 1353 957; x_wconf 95' lang='lat' dir='ltr'><strong>in</strong></span> <span class='ocrx_word' id='word_1_90' title='bbox 1381 903 1465 960; x_wconf 87' lang='lat' dir='ltr'><strong>tetius</strong></span> <span class='ocrx_word' id='word_1_91' title='bbox 1492 905 1611 960; x_wconf 88' lang='lat' dir='ltr'><strong>civitatis</strong></span> <span class='ocrx_word' id='word_1_92' title='bbox 1638 906 1740 981; x_wconf 86' lang='lat' dir='ltr'><strong>gaudio</strong></span> <span class='ocrx_word' id='word_1_93' title='bbox 1758 915 1786 964; x_wconf 86' lang='lat' dir='ltr'><strong>et</strong></span> 
     </span>
     <span class='ocr_line' id='line_1_9' title="bbox 116 985 1786 1069; baseline -0.002 -14"><span class='ocrx_word' id='word_1_94' title='bbox 116 996 310 1055; x_wconf 88' lang='lat' dir='ltr'><strong>interlectione</strong></span> <span class='ocrx_word' id='word_1_95' title='bbox 338 991 462 1048; x_wconf 78' lang='lat' dir='ltr'><strong>lotberti</strong></span> <span class='ocrx_word' id='word_1_96' title='bbox 498 989 622 1062; x_wconf 87' lang='lat' dir='ltr'><strong>episcopi</strong></span> <span class='ocrx_word' id='word_1_97' title='bbox 666 989 806 1044; x_wconf 91' lang='lat' dir='ltr'><strong>nominato</strong></span> <span class='ocrx_word' id='word_1_98' title='bbox 836 985 923 1043; x_wconf 77' lang='lat' dir='ltr'><strong>urbis,</strong></span> <span class='ocrx_word' id='word_1_99' title='bbox 975 998 1135 1062; x_wconf 89' lang='lat' dir='ltr'><strong>conspectu.</strong></span> <span class='ocrx_word' id='word_1_100' title='bbox 1157 992 1330 1066; x_wconf 73' lang='lat' dir='ltr'><strong>octogesimo</strong></span> <span class='ocrx_word' id='word_1_101' title='bbox 1359 1004 1493 1050; x_wconf 89' lang='lat' dir='ltr'><strong>autemet</strong></span> <span class='ocrx_word' id='word_1_102' title='bbox 1515 995 1638 1051; x_wconf 89' lang='lat' dir='ltr'><strong>secundo</strong></span> <span class='ocrx_word' id='word_1_103' title='bbox 1661 997 1786 1069; x_wconf 90' lang='lat' dir='ltr'><strong>diepost</strong></span> 
     </span>
     <span class='ocr_line' id='line_1_10' title="bbox 118 1075 1784 1160; baseline -0.005 -7"><span class='ocrx_word' id='word_1_104' title='bbox 118 1085 214 1144; x_wconf 65' lang='lat' dir='ltr'><strong>Omnia</strong></span> <span class='ocrx_word' id='word_1_105' title='bbox 230 1085 291 1153; x_wconf 65' lang='lat'><strong>⁰1⁰³</strong></span> <span class='ocrx_word' id='word_1_106' title='bbox 305 1081 426 1144; x_wconf 58' lang='lat' dir='ltr'><strong>casleu&amp;</strong></span> <span class='ocrx_word' id='word_1_107' title='bbox 442 1080 505 1152; x_wconf 69' lang='lat' dir='ltr'><strong>{que</strong></span> <span class='ocrx_word' id='word_1_108' title='bbox 531 1078 604 1134; x_wconf 63' lang='lat' dir='ltr'><strong>Cilca</strong></span> <span class='ocrx_word' id='word_1_109' title='bbox 627 1078 732 1132; x_wconf 68' lang='lat' dir='ltr'><strong>Renum</strong></span> <span class='ocrx_word' id='word_1_110' title='bbox 756 1075 923 1156; x_wconf 61' lang='grc' dir='ltr'><strong>Ρθῦξὶἅθῦἃῑι</strong></span> <span class='ocrx_word' id='word_1_111' title='bbox 977 1083 1154 1153; x_wconf 87' lang='lat' dir='ltr'><strong>hasnuptias,</strong></span> <span class='ocrx_word' id='word_1_112' title='bbox 1164 1085 1335 1156; x_wconf 88' lang='lat' dir='ltr'><strong>quorundam</strong></span> <span class='ocrx_word' id='word_1_113' title='bbox 1352 1085 1483 1152; x_wconf 88' lang='lat' dir='ltr'><strong>consilio,</strong></span> <span class='ocrx_word' id='word_1_114' title='bbox 1497 1088 1572 1159; x_wconf 89' lang='lat' dir='ltr'><strong>apud</strong></span> <span class='ocrx_word' id='word_1_115' title='bbox 1584 1086 1784 1160; x_wconf 76' lang='lat' dir='ltr'><strong>compendium</strong></span> 
     </span>
     <span class='ocr_line' id='line_1_11' title="bbox 118 1168 1785 1252; baseline 0.001 -16"><span class='ocrx_word' id='word_1_116' title='bbox 118 1180 241 1252; x_wconf 89' lang='lat' dir='ltr'><strong>capiunt,</strong></span> <span class='ocrx_word' id='word_1_117' title='bbox 258 1186 286 1232; x_wconf 93' lang='lat' dir='ltr'><strong>et</strong></span> <span class='ocrx_word' id='word_1_118' title='bbox 300 1174 418 1247; x_wconf 85' lang='lat' dir='ltr'><strong>quedam</strong></span> <span class='ocrx_word' id='word_1_119' title='bbox 447 1172 592 1228; x_wconf 83' lang='lat' dir='ltr'><strong>destruunt</strong></span> <span class='ocrx_word' id='word_1_120' title='bbox 618 1179 646 1226; x_wconf 86' lang='lat' dir='ltr'><strong>et</strong></span> <span class='ocrx_word' id='word_1_121' title='bbox 669 1168 832 1224; x_wconf 82' lang='lat' dir='ltr'><strong>incendunt·</strong></span> <span class='ocrx_word' id='word_1_122' title='bbox 866 1168 926 1237; x_wconf 72' lang='lat' dir='ltr'><strong>lpse</strong></span> <span class='ocrx_word' id='word_1_123' title='bbox 977 1190 1024 1229; x_wconf 84' lang='lat' dir='ltr'><strong>rex</strong></span> <span class='ocrx_word' id='word_1_124' title='bbox 1043 1191 1106 1230; x_wconf 90' lang='lat' dir='ltr'><strong>cum</strong></span> <span class='ocrx_word' id='word_1_125' title='bbox 1121 1175 1180 1231; x_wconf 90' lang='lat' dir='ltr'><strong>suis</strong></span> <span class='ocrx_word' id='word_1_126' title='bbox 1195 1176 1423 1249; x_wconf 88' lang='lat' dir='ltr'><strong>archiepiscopis,</strong></span> <span class='ocrx_word' id='word_1_127' title='bbox 1434 1177 1574 1250; x_wconf 88' lang='lat' dir='ltr'><strong>episcopis</strong></span> <span class='ocrx_word' id='word_1_128' title='bbox 1587 1185 1614 1236; x_wconf 91' lang='lat' dir='ltr'><strong>et</strong></span> <span class='ocrx_word' id='word_1_129' title='bbox 1630 1178 1785 1237; x_wconf 90' lang='lat' dir='ltr'><strong>baronibus</strong></span> 
     </span>
     <span class='ocr_line' id='line_1_12' title="bbox 118 1255 1788 1340; baseline -0.001 -15"><span class='ocrx_word' id='word_1_130' title='bbox 118 1278 208 1326; x_wconf 90' lang='lat' dir='ltr'><strong>autem</strong></span> <span class='ocrx_word' id='word_1_131' title='bbox 224 1281 318 1322; x_wconf 90' lang='lat' dir='ltr'><strong>comes</strong></span> <span class='ocrx_word' id='word_1_132' title='bbox 334 1280 395 1319; x_wconf 91' lang='lat' dir='ltr'><strong>cum</strong></span> <span class='ocrx_word' id='word_1_133' title='bbox 423 1261 505 1317; x_wconf 89' lang='lat' dir='ltr'><strong>tratre</strong></span> <span class='ocrx_word' id='word_1_134' title='bbox 519 1276 570 1316; x_wconf 89' lang='lat' dir='ltr'><strong>suo</strong></span> <span class='ocrx_word' id='word_1_135' title='bbox 587 1260 621 1314; x_wconf 83' lang='lat' dir='ltr'><strong>ad</strong></span> <span class='ocrx_word' id='word_1_136' title='bbox 642 1260 834 1330; x_wconf 86' lang='lat' dir='ltr'><strong>imperatorem</strong></span> <span class='ocrx_word' id='word_1_137' title='bbox 863 1255 927 1311; x_wconf 86' lang='lat' dir='ltr'><strong>lecit</strong></span> <span class='ocrx_word' id='word_1_138' title='bbox 977 1262 1145 1335; x_wconf 73' lang='lat' dir='ltr'><strong>colloquium</strong></span> <span class='ocrx_word' id='word_1_139' title='bbox 1166 1264 1272 1320; x_wconf 87' lang='lat' dir='ltr'><strong>habuit.</strong></span> <span class='ocrx_word' id='word_1_140' title='bbox 1297 1265 1337 1320; x_wconf 90' lang='lat' dir='ltr'><strong>lbi</strong></span> <span class='ocrx_word' id='word_1_141' title='bbox 1352 1265 1463 1338; x_wconf 86' lang='lat' dir='ltr'><strong>quidam</strong></span> <span class='ocrx_word' id='word_1_142' title='bbox 1486 1267 1611 1340; x_wconf 89' lang='lat' dir='ltr'><strong>episcopi</strong></span> <span class='ocrx_word' id='word_1_143' title='bbox 1640 1275 1668 1325; x_wconf 92' lang='lat' dir='ltr'><strong>et</strong></span> <span class='ocrx_word' id='word_1_144' title='bbox 1683 1270 1788 1327; x_wconf 89' lang='lat' dir='ltr'><strong>milites</strong></span> 
     </span>
     <span class='ocr_line' id='line_1_13' title="bbox 117 1351 1787 1439; baseline -0.001 -19"><span class='ocrx_word' id='word_1_145' title='bbox 117 1357 454 1437; x_wconf 84' lang='lat' dir='ltr'><strong>cerrl&#39;ugium.Celestinus</strong></span> <span class='ocrx_word' id='word_1_146' title='bbox 464 1372 536 1428; x_wconf 90' lang='lat' dir='ltr'><strong>papa</strong></span> <span class='ocrx_word' id='word_1_147' title='bbox 549 1371 648 1410; x_wconf 84' lang='lat' dir='ltr'><strong>omnes</strong></span> <span class='ocrx_word' id='word_1_148' title='bbox 657 1353 847 1411; x_wconf 85' lang='lat' dir='ltr'><strong>interfectores</strong></span> <span class='ocrx_word' id='word_1_149' title='bbox 860 1351 921 1424; x_wconf 91' lang='lat' dir='ltr'><strong>epi·</strong></span> <span class='ocrx_word' id='word_1_150' title='bbox 972 1363 1184 1430; x_wconf 77' lang='lat' dir='ltr'><strong>consurgentes,</strong></span> <span class='ocrx_word' id='word_1_151' title='bbox 1200 1357 1466 1432; x_wconf 77' lang='lat' dir='ltr'><strong>consanguinitatem</strong></span> <span class='ocrx_word' id='word_1_152' title='bbox 1483 1358 1556 1415; x_wconf 90' lang='lat' dir='ltr'><strong>inter</strong></span> <span class='ocrx_word' id='word_1_153' title='bbox 1575 1360 1691 1433; x_wconf 89' lang='lat' dir='ltr'><strong>primam</strong></span> <span class='ocrx_word' id='word_1_154' title='bbox 1712 1363 1787 1439; x_wconf 87' lang='lat' dir='ltr'><strong>regi·</strong></span> 
     </span>
     <span class='ocr_line' id='line_1_14' title="bbox 117 1444 1786 1526; baseline -0.003 -14"><span class='ocrx_word' id='word_1_155' title='bbox 117 1456 194 1526; x_wconf 91' lang='lat' dir='ltr'><strong>scopi</strong></span> <span class='ocrx_word' id='word_1_156' title='bbox 210 1453 384 1510; x_wconf 91' lang='lat' dir='ltr'><strong>anathemate</strong></span> <span class='ocrx_word' id='word_1_157' title='bbox 403 1457 539 1521; x_wconf 89' lang='lat' dir='ltr'><strong>perpetuo</strong></span> <span class='ocrx_word' id='word_1_158' title='bbox 554 1447 706 1504; x_wconf 89' lang='lat' dir='ltr'><strong>innodavit.</strong></span> <span class='ocrx_word' id='word_1_159' title='bbox 725 1445 789 1502; x_wconf 84' lang='lat' dir='ltr'><strong>Cum</strong></span> <span class='ocrx_word' id='word_1_160' title='bbox 806 1445 921 1500; x_wconf 84' lang='lat' dir='ltr'><strong>liichar·</strong></span> <span class='ocrx_word' id='word_1_161' title='bbox 973 1459 1035 1497; x_wconf 89' lang='lat' dir='ltr'><strong>nam</strong></span> <span class='ocrx_word' id='word_1_162' title='bbox 1051 1450 1079 1498; x_wconf 93' lang='lat' dir='ltr'><strong>et</strong></span> <span class='ocrx_word' id='word_1_163' title='bbox 1106 1444 1254 1500; x_wconf 89' lang='lat' dir='ltr'><strong>secundam</strong></span> <span class='ocrx_word' id='word_1_164' title='bbox 1279 1445 1448 1514; x_wconf 83' lang='lat' dir='ltr'><strong>juraveruut.</strong></span> <span class='ocrx_word' id='word_1_165' title='bbox 1474 1446 1532 1512; x_wconf 85' lang='lat' dir='ltr'><strong>Quo</strong></span> <span class='ocrx_word' id='word_1_166' title='bbox 1553 1448 1712 1520; x_wconf 88' lang='lat' dir='ltr'><strong>juramento</strong></span> <span class='ocrx_word' id='word_1_167' title='bbox 1737 1467 1786 1507; x_wconf 83' lang='lat' dir='ltr'><strong>rex</strong></span> 
     </span>
     <span class='ocr_line' id='line_1_15' title="bbox 117 1533 1787 1616; baseline -0.003 -15"><span class='ocrx_word' id='word_1_168' title='bbox 117 1546 170 1601; x_wconf 88' lang='lat' dir='ltr'><strong>dus</strong></span> <span class='ocrx_word' id='word_1_169' title='bbox 186 1560 232 1599; x_wconf 87' lang='lat' dir='ltr'><strong>rex</strong></span> <span class='ocrx_word' id='word_1_170' title='bbox 248 1541 344 1616; x_wconf 81' lang='lat' dir='ltr'><strong>hnglie</strong></span> <span class='ocrx_word' id='word_1_171' title='bbox 365 1545 428 1595; x_wconf 90' lang='lat' dir='ltr'><strong>ante</strong></span> <span class='ocrx_word' id='word_1_172' title='bbox 444 1537 504 1593; x_wconf 90' lang='lat' dir='ltr'><strong>dies</strong></span> <span class='ocrx_word' id='word_1_173' title='bbox 517 1536 729 1611; x_wconf 89' lang='lat' dir='ltr'><strong>quadragesime</strong></span> <span class='ocrx_word' id='word_1_174' title='bbox 742 1536 776 1590; x_wconf 92' lang='lat' dir='ltr'><strong>de</strong></span> <span class='ocrx_word' id='word_1_175' title='bbox 792 1541 927 1590; x_wconf 88' lang='lat' dir='ltr'><strong>trausma-</strong></span> <span class='ocrx_word' id='word_1_176' title='bbox 976 1539 1099 1605; x_wconf 89' lang='lat' dir='ltr'><strong>accepto,</strong></span> <span class='ocrx_word' id='word_1_177' title='bbox 1116 1533 1221 1605; x_wconf 87' lang='lat' dir='ltr'><strong>absque</strong></span> <span class='ocrx_word' id='word_1_178' title='bbox 1248 1533 1304 1590; x_wconf 89' lang='lat' dir='ltr'><strong>ulla</strong></span> <span class='ocrx_word' id='word_1_179' title='bbox 1328 1534 1460 1590; x_wconf 86' lang='lat' dir='ltr'><strong>dilatione</strong></span> <span class='ocrx_word' id='word_1_180' title='bbox 1489 1542 1517 1592; x_wconf 92' lang='lat' dir='ltr'><strong>et</strong></span> <span class='ocrx_word' id='word_1_181' title='bbox 1536 1538 1656 1594; x_wconf 89' lang='lat' dir='ltr'><strong>consilio</strong></span> <span class='ocrx_word' id='word_1_182' title='bbox 1679 1538 1787 1596; x_wconf 83' lang='lat' dir='ltr'><strong>dimisit</strong></span> 
     </span>
     <span class='ocr_line' id='line_1_16' title="bbox 119 1622 1787 1704; baseline -0.001 -15"><span class='ocrx_word' id='word_1_183' title='bbox 119 1635 188 1690; x_wconf 90' lang='lat' dir='ltr'><strong>rinis</strong></span> <span class='ocrx_word' id='word_1_184' title='bbox 198 1631 323 1704; x_wconf 89' lang='lat' dir='ltr'><strong>partibus</strong></span> <span class='ocrx_word' id='word_1_185' title='bbox 338 1633 537 1692; x_wconf 86' lang='lat' dir='ltr'><strong>reverteretur;</strong></span> <span class='ocrx_word' id='word_1_186' title='bbox 564 1631 706 1695; x_wconf 89' lang='lat' dir='ltr'><strong>suspectas</strong></span> <span class='ocrx_word' id='word_1_187' title='bbox 721 1622 826 1678; x_wconf 89' lang='lat' dir='ltr'><strong>habens</strong></span> <span class='ocrx_word' id='word_1_188' title='bbox 841 1638 923 1694; x_wconf 89' lang='lat' dir='ltr'><strong>quas·</strong></span> <span class='ocrx_word' id='word_1_189' title='bbox 975 1622 1078 1679; x_wconf 75' lang='lat' dir='ltr'><strong>camd</strong></span> <span class='ocrx_word' id='word_1_190' title='bbox 1099 1622 1228 1679; x_wconf 80' lang='lat' dir='ltr'><strong>Kalendis</strong></span> <span class='ocrx_word' id='word_1_191' title='bbox 1249 1623 1344 1703; x_wconf 81' lang='lat' dir='ltr'><strong>Marcii</strong></span> <span class='ocrx_word' id='word_1_192' title='bbox 1357 1640 1445 1697; x_wconf 89' lang='lat' dir='ltr'><strong>usquc</strong></span> <span class='ocrx_word' id='word_1_193' title='bbox 1460 1627 1494 1682; x_wconf 91' lang='lat' dir='ltr'><strong>ad</strong></span> <span class='ocrx_word' id='word_1_194' title='bbox 1516 1627 1609 1683; x_wconf 92' lang='lat' dir='ltr'><strong>lunam</strong></span> <span class='ocrx_word' id='word_1_195' title='bbox 1625 1629 1787 1687; x_wconf 83' lang='lat' dir='ltr'><strong>Decembris</strong></span> 
     </span>
     <span class='ocr_line' id='line_1_17' title="bbox 118 1673 1785 1796; baseline -0.001 -16"><span class='ocrx_word' id='word_1_196' title='bbox 118 1726 181 1780; x_wconf 89' lang='lat' dir='ltr'><strong>dam</strong></span> <span class='ocrx_word' id='word_1_197' title='bbox 206 1721 345 1796; x_wconf 80' lang='lat' dir='ltr'><strong>regiones,</strong></span> <span class='ocrx_word' id='word_1_198' title='bbox 370 1718 494 1790; x_wconf 79' lang='lat' dir='ltr'><strong>Apuliam</strong></span> <span class='ocrx_word' id='word_1_199' title='bbox 508 1717 613 1773; x_wconf 89' lang='lat' dir='ltr'><strong>scilicet</strong></span> <span class='ocrx_word' id='word_1_200' title='bbox 632 1724 660 1771; x_wconf 93' lang='lat' dir='ltr'><strong>et</strong></span> <span class='ocrx_word' id='word_1_201' title='bbox 683 1715 847 1781; x_wconf 82' lang='lat' dir='ltr'><strong>Calabriam,</strong></span> <span class='ocrx_word' id='word_1_202' title='bbox 862 1713 924 1770; x_wconf 88' lang='lat' dir='ltr'><strong>Cor·</strong></span> <span class='ocrx_word' id='word_1_203' title='bbox 938 1673 962 1742; x_wconf 78' lang='lat' dir='ltr'>B</span> <span class='ocrx_word' id='word_1_204' title='bbox 974 1715 1090 1784; x_wconf 90' lang='lat' dir='ltr'><strong>mensis,</strong></span> <span class='ocrx_word' id='word_1_205' title='bbox 1109 1730 1207 1772; x_wconf 92' lang='lat' dir='ltr'><strong>omnes</strong></span> <span class='ocrx_word' id='word_1_206' title='bbox 1222 1716 1380 1773; x_wconf 88' lang='lat' dir='ltr'><strong>lunationes</strong></span> <span class='ocrx_word' id='word_1_207' title='bbox 1398 1717 1426 1773; x_wconf 94' lang='lat' dir='ltr'><strong>in</strong></span> <span class='ocrx_word' id='word_1_208' title='bbox 1443 1719 1535 1775; x_wconf 88' lang='lat' dir='ltr'><strong>iniciis</strong></span> <span class='ocrx_word' id='word_1_209' title='bbox 1550 1722 1687 1778; x_wconf 87' lang='lat' dir='ltr'><strong>mensium</strong></span> <span class='ocrx_word' id='word_1_210' title='bbox 1700 1724 1785 1780; x_wconf 90' lang='lat' dir='ltr'><strong>nimis</strong></span> 
     </span>
     <span class='ocr_line' id='line_1_18' title="bbox 118 1807 1785 1886; baseline -0.001 -11"><span class='ocrx_word' id='word_1_211' title='bbox 118 1821 201 1876; x_wconf 93' lang='lat' dir='ltr'><strong>sicam</strong></span> <span class='ocrx_word' id='word_1_212' title='bbox 227 1825 254 1873; x_wconf 88' lang='lat' dir='ltr'><strong>et</strong></span> <span class='ocrx_word' id='word_1_213' title='bbox 287 1814 401 1877; x_wconf 87' lang='lat' dir='ltr'><strong>ltaliam,</strong></span> <span class='ocrx_word' id='word_1_214' title='bbox 425 1820 537 1886; x_wconf 89' lang='lat' dir='ltr'><strong>propter</strong></span> <span class='ocrx_word' id='word_1_215' title='bbox 564 1809 785 1867; x_wconf 84' lang='lat' dir='ltr'><strong>interiectionem</strong></span> <span class='ocrx_word' id='word_1_216' title='bbox 808 1808 925 1865; x_wconf 85' lang='lat' dir='ltr'><strong>Conradi</strong></span> <span class='ocrx_word' id='word_1_217' title='bbox 975 1807 1091 1863; x_wconf 85' lang='lat' dir='ltr'><strong>extitere</strong></span> <span class='ocrx_word' id='word_1_218' title='bbox 1108 1807 1253 1879; x_wconf 81' lang='lat' dir='ltr'><strong>pluviales,</strong></span> <span class='ocrx_word' id='word_1_219' title='bbox 1266 1825 1361 1865; x_wconf 91' lang='lat' dir='ltr'><strong>mense</strong></span> <span class='ocrx_word' id='word_1_220' title='bbox 1381 1809 1491 1866; x_wconf 86' lang='lat' dir='ltr'><strong>Octobri</strong></span> <span class='ocrx_word' id='word_1_221' title='bbox 1510 1823 1636 1885; x_wconf 87' lang='lat' dir='ltr'><strong>excepto.</strong></span> <span class='ocrx_word' id='word_1_222' title='bbox 1650 1815 1681 1870; x_wconf 92' lang='lat' dir='ltr'><strong>ln</strong></span> <span class='ocrx_word' id='word_1_223' title='bbox 1701 1823 1785 1873; x_wconf 86' lang='lat' dir='ltr'><strong>nocte</strong></span> 
     </span>
     <span class='ocr_line' id='line_1_19' title="bbox 117 1897 1785 1977; baseline -0.001 -9"><span class='ocrx_word' id='word_1_224' title='bbox 117 1909 248 1968; x_wconf 89' lang='lat' dir='ltr'><strong>marchisi</strong></span> <span class='ocrx_word' id='word_1_225' title='bbox 264 1908 299 1964; x_wconf 91' lang='lat' dir='ltr'><strong>de</strong></span> <span class='ocrx_word' id='word_1_226' title='bbox 310 1905 479 1973; x_wconf 85' lang='lat' dir='ltr'><strong>liontlerrat,</strong></span> <span class='ocrx_word' id='word_1_227' title='bbox 495 1919 549 1977; x_wconf 92' lang='lat' dir='ltr'><strong>que</strong></span> <span class='ocrx_word' id='word_1_228' title='bbox 563 1902 616 1973; x_wconf 91' lang='lat' dir='ltr'><strong>illi,</strong></span> <span class='ocrx_word' id='word_1_229' title='bbox 634 1903 728 1959; x_wconf 90' lang='lat' dir='ltr'><strong>nescio</strong></span> <span class='ocrx_word' id='word_1_230' title='bbox 738 1902 761 1958; x_wconf 87' lang='lat' dir='ltr'><strong>si</strong></span> <span class='ocrx_word' id='word_1_231' title='bbox 773 1902 856 1974; x_wconf 84' lang='lat' dir='ltr'><strong>juste,</strong></span> <span class='ocrx_word' id='word_1_232' title='bbox 872 1902 920 1956; x_wconf 93' lang='lat' dir='ltr'><strong>im·</strong></span> <span class='ocrx_word' id='word_1_233' title='bbox 975 1897 1133 1956; x_wconf 80' lang='lat' dir='ltr'><strong>festivitatis</strong></span> <span class='ocrx_word' id='word_1_234' title='bbox 1160 1901 1246 1957; x_wconf 91' lang='lat' dir='ltr'><strong>sancti</strong></span> <span class='ocrx_word' id='word_1_235' title='bbox 1262 1900 1372 1958; x_wconf 83' lang='lat' dir='ltr'><strong>Martini</strong></span> <span class='ocrx_word' id='word_1_236' title='bbox 1400 1902 1520 1976; x_wconf 81' lang='lat' dir='ltr'><strong>eclypsis</strong></span> <span class='ocrx_word' id='word_1_237' title='bbox 1545 1904 1610 1962; x_wconf 93' lang='lat' dir='ltr'><strong>lune</strong></span> <span class='ocrx_word' id='word_1_238' title='bbox 1640 1906 1703 1964; x_wconf 84' lang='lat' dir='ltr'><strong>fuit.</strong></span> <span class='ocrx_word' id='word_1_239' title='bbox 1730 1909 1785 1966; x_wconf 88' lang='lat' dir='ltr'><strong>llec</strong></span> 
     </span>
     <span class='ocr_line' id='line_1_20' title="bbox 117 1988 1785 2078; baseline -0.003 -17"><span class='ocrx_word' id='word_1_240' title='bbox 117 2003 281 2078; x_wconf 90' lang='lat' dir='ltr'><strong>ponebatur,</strong></span> <span class='ocrx_word' id='word_1_241' title='bbox 298 1999 393 2073; x_wconf 91' lang='lat' dir='ltr'><strong>paucis</strong></span> <span class='ocrx_word' id='word_1_242' title='bbox 419 2013 513 2053; x_wconf 87' lang='lat' dir='ltr'><strong>secum</strong></span> <span class='ocrx_word' id='word_1_243' title='bbox 540 1995 688 2067; x_wconf 87' lang='lat' dir='ltr'><strong>assumptis</strong></span> <span class='ocrx_word' id='word_1_244' title='bbox 706 1994 800 2063; x_wconf 86' lang='lat' dir='ltr'><strong>sociis,</strong></span> <span class='ocrx_word' id='word_1_245' title='bbox 829 2002 859 2050; x_wconf 94' lang='lat' dir='ltr'><strong>ut</strong></span> <span class='ocrx_word' id='word_1_246' title='bbox 881 2010 925 2050; x_wconf 90' lang='lat' dir='ltr'><strong>se·</strong></span> <span class='ocrx_word' id='word_1_247' title='bbox 975 1988 1065 2045; x_wconf 88' lang='lat' dir='ltr'><strong>littore</strong></span> <span class='ocrx_word' id='word_1_248' title='bbox 1094 1990 1224 2046; x_wconf 89' lang='lat' dir='ltr'><strong>translate</strong></span> <span class='ocrx_word' id='word_1_249' title='bbox 1252 2000 1315 2046; x_wconf 89' lang='lat' dir='ltr'><strong>sunt</strong></span> <span class='ocrx_word' id='word_1_250' title='bbox 1339 2009 1354 2048; x_wconf 91' lang='lat' dir='ltr'><strong>a</strong></span> <span class='ocrx_word' id='word_1_251' title='bbox 1382 1993 1506 2064; x_wconf 87' lang='lat' dir='ltr'><strong>pertibus</strong></span> <span class='ocrx_word' id='word_1_252' title='bbox 1539 1999 1732 2056; x_wconf 87' lang='lat' dir='ltr'><strong>transmarinis</strong></span> <span class='ocrx_word' id='word_1_253' title='bbox 1756 2001 1785 2056; x_wconf 92' lang='lat' dir='ltr'><strong>in</strong></span> 
     </span>
     <span class='ocr_line' id='line_1_21' title="bbox 118 2077 1785 2161; baseline -0.004 -10"><span class='ocrx_word' id='word_1_254' title='bbox 118 2094 222 2152; x_wconf 89' lang='lat' dir='ltr'><strong>cretius</strong></span> <span class='ocrx_word' id='word_1_255' title='bbox 237 2092 271 2147; x_wconf 88' lang='lat' dir='ltr'><strong>ad</strong></span> <span class='ocrx_word' id='word_1_256' title='bbox 287 2096 415 2161; x_wconf 89' lang='lat' dir='ltr'><strong>nepotem</strong></span> <span class='ocrx_word' id='word_1_257' title='bbox 433 2103 514 2143; x_wconf 90' lang='lat' dir='ltr'><strong>suum</strong></span> <span class='ocrx_word' id='word_1_258' title='bbox 534 2087 633 2142; x_wconf 91' lang='lat' dir='ltr'><strong>ducem</strong></span> <span class='ocrx_word' id='word_1_259' title='bbox 649 2085 766 2141; x_wconf 86' lang='lat' dir='ltr'><strong>Saxonie</strong></span> <span class='ocrx_word' id='word_1_260' title='bbox 778 2084 924 2156; x_wconf 87' lang='lat' dir='ltr'><strong>pervenire</strong></span> <span class='ocrx_word' id='word_1_261' title='bbox 975 2077 1104 2133; x_wconf 85' lang='lat' dir='ltr'><strong>Galliam:</strong></span> <span class='ocrx_word' id='word_1_262' title='bbox 1125 2083 1220 2133; x_wconf 83' lang='lat' dir='ltr'><strong>Frater</strong></span> <span class='ocrx_word' id='word_1_263' title='bbox 1237 2077 1399 2147; x_wconf 78' lang='lat' dir='ltr'><strong>Gavstvdas,</strong></span> <span class='ocrx_word' id='word_1_264' title='bbox 1414 2083 1463 2137; x_wconf 77' lang='lat' dir='ltr'><strong>ba</strong></span> <span class='ocrx_word' id='word_1_265' title='bbox 1474 2085 1566 2151; x_wconf 79' lang='lat' dir='ltr'><strong>aratia</strong></span> <span class='ocrx_word' id='word_1_266' title='bbox 1585 2092 1676 2142; x_wconf 78' lang='lat' dir='ltr'><strong>sancte</strong></span> <span class='ocrx_word' id='word_1_267' title='bbox 1688 2087 1785 2144; x_wconf 86' lang='lat' dir='ltr'><strong>domas</strong></span> 
     </span>
     <span class='ocr_line' id='line_1_22' title="bbox 117 2174 1787 2259; baseline -0.002 -16"><span class='ocrx_word' id='word_1_268' title='bbox 117 2192 221 2259; x_wconf 88' lang='lat' dir='ltr'><strong>posset,</strong></span> <span class='ocrx_word' id='word_1_269' title='bbox 236 2193 336 2239; x_wconf 86' lang='lat' dir='ltr'><strong>terram</strong></span> <span class='ocrx_word' id='word_1_270' title='bbox 352 2180 432 2236; x_wconf 89' lang='lat' dir='ltr'><strong>ducis</strong></span> <span class='ocrx_word' id='word_1_271' title='bbox 446 2178 554 2234; x_wconf 77' lang='lat' dir='ltr'><strong>ilustrie</strong></span> <span class='ocrx_word' id='word_1_272' title='bbox 568 2180 720 2251; x_wconf 80' lang='lat' dir='ltr'><strong>ingressus,</strong></span> <span class='ocrx_word' id='word_1_273' title='bbox 731 2176 766 2232; x_wconf 92' lang='lat' dir='ltr'><strong>ab</strong></span> <span class='ocrx_word' id='word_1_274' title='bbox 781 2176 840 2248; x_wconf 90' lang='lat' dir='ltr'><strong>ipso</strong></span> <span class='ocrx_word' id='word_1_275' title='bbox 854 2176 924 2231; x_wconf 83' lang='lat' dir='ltr'><strong>duce</strong></span> <span class='ocrx_word' id='word_1_276' title='bbox 974 2174 1117 2244; x_wconf 81' lang='lat' dir='ltr'><strong>hospitatis</strong></span> <span class='ocrx_word' id='word_1_277' title='bbox 1129 2175 1297 2230; x_wconf 77' lang='lat' dir='ltr'><strong>iherusalem</strong></span> <span class='ocrx_word' id='word_1_278' title='bbox 1308 2175 1418 2232; x_wconf 84' lang='lat' dir='ltr'><strong>humitis</strong></span> <span class='ocrx_word' id='word_1_279' title='bbox 1430 2180 1570 2248; x_wconf 76' lang='lat' dir='ltr'><strong>magister,</strong></span> <span class='ocrx_word' id='word_1_280' title='bbox 1579 2196 1635 2237; x_wconf 80' lang='lat' dir='ltr'><strong>urea</strong></span> <span class='ocrx_word' id='word_1_281' title='bbox 1649 2198 1709 2238; x_wconf 87' lang='lat' dir='ltr'><strong>aum</strong></span> <span class='ocrx_word' id='word_1_282' title='bbox 1722 2187 1787 2239; x_wconf 81' lang='lat' dir='ltr'><strong>arti·</strong></span> 
     </span>
     <span class='ocr_line' id='line_1_23' title="bbox 116 2265 1786 2349; baseline -0.001 -16"><span class='ocrx_word' id='word_1_283' title='bbox 116 2277 237 2349; x_wconf 88' lang='lat' dir='ltr'><strong>capitur,</strong></span> <span class='ocrx_word' id='word_1_284' title='bbox 264 2283 291 2330; x_wconf 90' lang='lat' dir='ltr'><strong>et</strong></span> <span class='ocrx_word' id='word_1_285' title='bbox 316 2271 442 2328; x_wconf 90' lang='lat' dir='ltr'><strong>custodie</strong></span> <span class='ocrx_word' id='word_1_286' title='bbox 467 2269 652 2341; x_wconf 88' lang='lat' dir='ltr'><strong>mancipatur.</strong></span> <span class='ocrx_word' id='word_1_287' title='bbox 672 2268 737 2324; x_wconf 86' lang='lat' dir='ltr'><strong>llam</strong></span> <span class='ocrx_word' id='word_1_288' title='bbox 762 2285 824 2325; x_wconf 94' lang='lat' dir='ltr'><strong>cum</strong></span> <span class='ocrx_word' id='word_1_289' title='bbox 850 2274 923 2323; x_wconf 89' lang='lat' dir='ltr'><strong>esset</strong></span> <span class='ocrx_word' id='word_1_290' title='bbox 972 2280 1048 2320; x_wconf 73' lang='lat' dir='ltr'><strong>amsa</strong></span> <span class='ocrx_word' id='word_1_291' title='bbox 1063 2265 1182 2335; x_wconf 85' lang='lat' dir='ltr'><strong>ejusdem</strong></span> <span class='ocrx_word' id='word_1_292' title='bbox 1195 2265 1289 2321; x_wconf 86' lang='lat' dir='ltr'><strong>domas</strong></span> <span class='ocrx_word' id='word_1_293' title='bbox 1306 2269 1592 2338; x_wconf 73' lang='lat' dir='ltr'><strong>capitulaharmaima</strong></span> <span class='ocrx_word' id='word_1_294' title='bbox 1606 2277 1631 2327; x_wconf 87' lang='lat' dir='ltr'><strong>et</strong></span> <span class='ocrx_word' id='word_1_295' title='bbox 1644 2274 1741 2331; x_wconf 83' lang='lat' dir='ltr'><strong>dilecto</strong></span> <span class='ocrx_word' id='word_1_296' title='bbox 1756 2278 1786 2331; x_wconf 84' lang='lat' dir='ltr'><strong>ia</strong></span> 
     </span>
     <span class='ocr_line' id='line_1_24' title="bbox 116 2359 1785 2436; baseline -0.001 -11"><span class='ocrx_word' id='word_1_297' title='bbox 116 2370 189 2426; x_wconf 90' lang='lat' dir='ltr'><strong>idem</strong></span> <span class='ocrx_word' id='word_1_298' title='bbox 210 2367 264 2423; x_wconf 81' lang='lat' dir='ltr'><strong>dux</strong></span> <span class='ocrx_word' id='word_1_299' title='bbox 279 2366 307 2421; x_wconf 95' lang='lat' dir='ltr'><strong>in</strong></span> <span class='ocrx_word' id='word_1_300' title='bbox 326 2363 474 2420; x_wconf 88' lang='lat' dir='ltr'><strong>obsidione</strong></span> <span class='ocrx_word' id='word_1_301' title='bbox 504 2361 580 2417; x_wconf 89' lang='lat' dir='ltr'><strong>urbis</strong></span> <span class='ocrx_word' id='word_1_302' title='bbox 593 2363 672 2427; x_wconf 86' lang='lat' dir='ltr'><strong>llere,</strong></span> <span class='ocrx_word' id='word_1_303' title='bbox 701 2375 746 2414; x_wconf 82' lang='lat' dir='ltr'><strong>rex</strong></span> <span class='ocrx_word' id='word_1_304' title='bbox 774 2359 921 2432; x_wconf 72' lang='lat' dir='ltr'><strong>anglorum</strong></span> <span class='ocrx_word' id='word_1_305' title='bbox 972 2360 1084 2414; x_wconf 80' lang='lat' dir='ltr'><strong>Domino</strong></span> <span class='ocrx_word' id='word_1_306' title='bbox 1092 2359 1178 2426; x_wconf 75' lang='lat' dir='ltr'><strong>tratri</strong></span> <span class='ocrx_word' id='word_1_307' title='bbox 1194 2359 1328 2416; x_wconf 87' lang='lat' dir='ltr'><strong>Wittelmo</strong></span> <span class='ocrx_word' id='word_1_308' title='bbox 1336 2359 1369 2414; x_wconf 89' lang='lat' dir='ltr'><strong>de</strong></span> <span class='ocrx_word' id='word_1_309' title='bbox 1386 2362 1522 2430; x_wconf 85' lang='lat' dir='ltr'><strong>Viteruas,</strong></span> <span class='ocrx_word' id='word_1_310' title='bbox 1534 2368 1686 2436; x_wconf 84' lang='lat' dir='ltr'><strong>preceptori</strong></span> <span class='ocrx_word' id='word_1_311' title='bbox 1695 2367 1785 2423; x_wconf 85' lang='lat' dir='ltr'><strong>attra-</strong></span> 
     </span>
     <span class='ocr_line' id='line_1_25' title="bbox 115 2444 1785 2528; baseline 0 -16"><span class='ocrx_word' id='word_1_312' title='bbox 115 2457 274 2528; x_wconf 82' lang='lat' dir='ltr'><strong>frequenter</strong></span> <span class='ocrx_word' id='word_1_313' title='bbox 296 2452 374 2508; x_wconf 89' lang='lat' dir='ltr'><strong>illum</strong></span> <span class='ocrx_word' id='word_1_314' title='bbox 399 2451 544 2508; x_wconf 90' lang='lat' dir='ltr'><strong>verborum</strong></span> <span class='ocrx_word' id='word_1_315' title='bbox 578 2447 755 2505; x_wconf 91' lang='lat' dir='ltr'><strong>contumeliis</strong></span> <span class='ocrx_word' id='word_1_316' title='bbox 782 2444 921 2501; x_wconf 84' lang='lat' dir='ltr'><strong>ahacerat.</strong></span> <span class='ocrx_word' id='word_1_317' title='bbox 971 2453 1087 2518; x_wconf 79' lang='lat' dir='ltr'><strong>marina,</strong></span> <span class='ocrx_word' id='word_1_318' title='bbox 1103 2450 1217 2506; x_wconf 85' lang='lat' dir='ltr'><strong>satutem</strong></span> <span class='ocrx_word' id='word_1_319' title='bbox 1235 2454 1260 2505; x_wconf 86' lang='lat' dir='ltr'><strong>et</strong></span> <span class='ocrx_word' id='word_1_320' title='bbox 1284 2453 1438 2520; x_wconf 71' lang='lat' dir='ltr'><strong>fraternam</strong></span> <span class='ocrx_word' id='word_1_321' title='bbox 1451 2455 1629 2513; x_wconf 79' lang='lat' dir='ltr'><strong>ditectionem.</strong></span> <span class='ocrx_word' id='word_1_322' title='bbox 1652 2458 1785 2526; x_wconf 80' lang='lat' dir='ltr'><strong>Quoniam</strong></span> 
     </span>
     <span class='ocr_line' id='line_1_26' title="bbox 119 2539 1781 2620; baseline 0.002 -17"><span class='ocrx_word' id='word_1_323' title='bbox 119 2552 204 2614; x_wconf 78' lang='lat' dir='ltr'><strong>Quem</strong></span> <span class='ocrx_word' id='word_1_324' title='bbox 219 2542 370 2616; x_wconf 87' lang='lat' dir='ltr'><strong>aliquando</strong></span> <span class='ocrx_word' id='word_1_325' title='bbox 384 2539 749 2612; x_wconf 87' lang='lat' dir='ltr'><strong>temporesccumdetinuit,</strong></span> <span class='ocrx_word' id='word_1_326' title='bbox 765 2545 923 2611; x_wconf 89' lang='lat' dir='ltr'><strong>etpostmo·</strong></span> <span class='ocrx_word' id='word_1_327' title='bbox 974 2541 1007 2597; x_wconf 88' lang='lat' dir='ltr'><strong>da</strong></span> <span class='ocrx_word' id='word_1_328' title='bbox 1025 2541 1078 2608; x_wconf 83' lang='lat' dir='ltr'><strong>liis,</strong></span> <span class='ocrx_word' id='word_1_329' title='bbox 1104 2557 1155 2612; x_wconf 79' lang='lat' dir='ltr'><strong>pac</strong></span> <span class='ocrx_word' id='word_1_330' title='bbox 1185 2543 1215 2596; x_wconf 84' lang='lat' dir='ltr'><strong>ia</strong></span> <span class='ocrx_word' id='word_1_331' title='bbox 1230 2547 1302 2597; x_wconf 86' lang='lat' dir='ltr'><strong>terra</strong></span> <span class='ocrx_word' id='word_1_332' title='bbox 1326 2544 1624 2603; x_wconf 81' lang='lat' dir='ltr'><strong>therasotimitaaorum</strong></span> <span class='ocrx_word' id='word_1_333' title='bbox 1649 2555 1781 2620; x_wconf 80' lang='lat' dir='ltr'><strong>epuratur,</strong></span> 
     </span>
     <span class='ocr_line' id='line_1_27' title="bbox 116 2629 1784 2708; baseline 0.001 -13"><span class='ocrx_word' id='word_1_334' title='bbox 116 2641 181 2695; x_wconf 89' lang='lat' dir='ltr'><strong>dum</strong></span> <span class='ocrx_word' id='word_1_335' title='bbox 204 2639 238 2694; x_wconf 90' lang='lat' dir='ltr'><strong>ad</strong></span> <span class='ocrx_word' id='word_1_336' title='bbox 259 2637 453 2708; x_wconf 87' lang='lat' dir='ltr'><strong>imperatorem</strong></span> <span class='ocrx_word' id='word_1_337' title='bbox 478 2634 506 2688; x_wconf 90' lang='lat' dir='ltr'><strong>in</strong></span> <span class='ocrx_word' id='word_1_338' title='bbox 525 2632 714 2688; x_wconf 71' lang='lat' dir='ltr'><strong>allemanniam</strong></span> <span class='ocrx_word' id='word_1_339' title='bbox 743 2631 851 2686; x_wconf 83' lang='lat' dir='ltr'><strong>direxit.</strong></span> <span class='ocrx_word' id='word_1_340' title='bbox 873 2629 924 2694; x_wconf 84' lang='lat' dir='ltr'><strong>Qui</strong></span> <span class='ocrx_word' id='word_1_341' title='bbox 974 2630 1109 2686; x_wconf 84' lang='lat' dir='ltr'><strong>credimus</strong></span> <span class='ocrx_word' id='word_1_342' title='bbox 1123 2645 1169 2686; x_wconf 87' lang='lat' dir='ltr'><strong>vos</strong></span> <span class='ocrx_word' id='word_1_343' title='bbox 1188 2635 1403 2688; x_wconf 87' lang='lat' dir='ltr'><strong>cartosrumares</strong></span> <span class='ocrx_word' id='word_1_344' title='bbox 1418 2633 1585 2706; x_wconf 83' lang='lat' dir='ltr'><strong>desiderare,</strong></span> <span class='ocrx_word' id='word_1_345' title='bbox 1601 2641 1695 2694; x_wconf 81' lang='lat' dir='ltr'><strong>aarum</strong></span> <span class='ocrx_word' id='word_1_346' title='bbox 1709 2641 1784 2697; x_wconf 84' lang='lat' dir='ltr'><strong>vobis</strong></span> 
     </span>
     <span class='ocr_line' id='line_1_28' title="bbox 115 2718 1785 2802; baseline 0.003 -18"><span class='ocrx_word' id='word_1_347' title='bbox 115 2746 179 2785; x_wconf 89' lang='lat' dir='ltr'><strong>eum</strong></span> <span class='ocrx_word' id='word_1_348' title='bbox 193 2743 299 2793; x_wconf 84' lang='lat' dir='ltr'><strong>secum,</strong></span> <span class='ocrx_word' id='word_1_349' title='bbox 315 2738 490 2799; x_wconf 88' lang='lat' dir='ltr'><strong>quocumque</strong></span> <span class='ocrx_word' id='word_1_350' title='bbox 506 2731 643 2798; x_wconf 85' lang='lat' dir='ltr'><strong>pergeret,</strong></span> <span class='ocrx_word' id='word_1_351' title='bbox 670 2719 788 2776; x_wconf 91' lang='lat' dir='ltr'><strong>ducebat</strong></span> <span class='ocrx_word' id='word_1_352' title='bbox 801 2718 854 2776; x_wconf 90' lang='lat' dir='ltr'><strong>sub</strong></span> <span class='ocrx_word' id='word_1_353' title='bbox 875 2719 925 2774; x_wconf 91' lang='lat' dir='ltr'><strong>ho-</strong></span> <span class='ocrx_word' id='word_1_354' title='bbox 973 2727 1102 2794; x_wconf 74' lang='lat' dir='ltr'><strong>facimus,</strong></span> <span class='ocrx_word' id='word_1_355' title='bbox 1116 2726 1188 2797; x_wconf 79' lang='lat' dir='ltr'><strong>qaod</strong></span> <span class='ocrx_word' id='word_1_356' title='bbox 1207 2729 1334 2796; x_wconf 82' lang='lat' dir='ltr'><strong>pracimo</strong></span> <span class='ocrx_word' id='word_1_357' title='bbox 1346 2732 1407 2798; x_wconf 87' lang='lat' dir='ltr'><strong>past</strong></span> <span class='ocrx_word' id='word_1_358' title='bbox 1419 2729 1598 2799; x_wconf 85' lang='lat' dir='ltr'><strong>Septembrem</strong></span> <span class='ocrx_word' id='word_1_359' title='bbox 1612 2732 1727 2802; x_wconf 85' lang='lat' dir='ltr'><strong>puidam</strong></span> <span class='ocrx_word' id='word_1_360' title='bbox 1752 2733 1785 2789; x_wconf 85' lang='lat' dir='ltr'><strong>de</strong></span> 
     </span>
     <span class='ocr_line' id='line_1_29' title="bbox 113 2813 1782 2891; baseline -0.001 -10"><span class='ocrx_word' id='word_1_361' title='bbox 113 2822 233 2882; x_wconf 86' lang='lat' dir='ltr'><strong>norabili</strong></span> <span class='ocrx_word' id='word_1_362' title='bbox 249 2819 385 2877; x_wconf 81' lang='lat' dir='ltr'><strong>custardia.</strong></span> <span class='ocrx_word' id='word_1_363' title='bbox 402 2818 480 2889; x_wconf 67' lang='lat' dir='ltr'><strong>gbum</strong></span> <span class='ocrx_word' id='word_1_364' title='bbox 498 2814 652 2870; x_wconf 73' lang='lat' dir='ltr'><strong>bichardus</strong></span> <span class='ocrx_word' id='word_1_365' title='bbox 667 2829 713 2868; x_wconf 90' lang='lat' dir='ltr'><strong>rex</strong></span> <span class='ocrx_word' id='word_1_366' title='bbox 728 2813 877 2888; x_wconf 73' lang='lat' dir='ltr'><strong>anglorum</strong></span> <span class='ocrx_word' id='word_1_367' title='bbox 890 2813 924 2868; x_wconf 85' lang='lat' dir='ltr'><strong>ab</strong></span> <span class='ocrx_word' id='word_1_368' title='bbox 975 2820 1053 2884; x_wconf 85' lang='lat' dir='ltr'><strong>pente</strong></span> <span class='ocrx_word' id='word_1_369' title='bbox 1062 2831 1184 2885; x_wconf 83' lang='lat' dir='ltr'><strong>popano,</strong></span> <span class='ocrx_word' id='word_1_370' title='bbox 1210 2816 1309 2871; x_wconf 81' lang='lat' dir='ltr'><strong>nobilis</strong></span> <span class='ocrx_word' id='word_1_371' title='bbox 1322 2832 1417 2885; x_wconf 78' lang='lat' dir='ltr'><strong>periere</strong></span> <span class='ocrx_word' id='word_1_372' title='bbox 1440 2823 1466 2874; x_wconf 92' lang='lat' dir='ltr'><strong>et</strong></span> <span class='ocrx_word' id='word_1_373' title='bbox 1480 2821 1564 2874; x_wconf 79' lang='lat' dir='ltr'><strong>amaia</strong></span> <span class='ocrx_word' id='word_1_374' title='bbox 1582 2822 1715 2891; x_wconf 68' lang='lat' dir='ltr'><strong>famaue,</strong></span> <span class='ocrx_word' id='word_1_375' title='bbox 1730 2837 1782 2879; x_wconf 86' lang='lat' dir='ltr'><strong>ao·</strong></span> 
     </span>
     <span class='ocr_line' id='line_1_30' title="bbox 113 2903 1782 2984; baseline -0.007 -15"><span class='ocrx_word' id='word_1_376' title='bbox 113 2914 279 2984; x_wconf 90' lang='lat' dir='ltr'><strong>imperatore</strong></span> <span class='ocrx_word' id='word_1_377' title='bbox 300 2906 481 2974; x_wconf 87' lang='lat' dir='ltr'><strong>detineretur,</strong></span> <span class='ocrx_word' id='word_1_378' title='bbox 509 2903 653 2975; x_wconf 88' lang='lat' dir='ltr'><strong>Philippus</strong></span> <span class='ocrx_word' id='word_1_379' title='bbox 680 2919 726 2958; x_wconf 85' lang='lat' dir='ltr'><strong>rer</strong></span> <span class='ocrx_word' id='word_1_380' title='bbox 746 2903 924 2971; x_wconf 83' lang='lat' dir='ltr'><strong>Francorum,</strong></span> <span class='ocrx_word' id='word_1_381' title='bbox 975 2912 1169 2977; x_wconf 74' lang='lat' dir='ltr'><strong>mtaeMestaa,</strong></span> <span class='ocrx_word' id='word_1_382' title='bbox 1191 2913 1279 2966; x_wconf 77' lang='lat' dir='ltr'><strong>attam</strong></span> <span class='ocrx_word' id='word_1_383' title='bbox 1299 2926 1379 2968; x_wconf 77' lang='lat' dir='ltr'><strong>suam</strong></span> <span class='ocrx_word' id='word_1_384' title='bbox 1403 2915 1569 2970; x_wconf 59' lang='lat' dir='ltr'><strong>teramnanae,</strong></span> <span class='ocrx_word' id='word_1_385' title='bbox 1595 2916 1697 2972; x_wconf 59' lang='lat' dir='ltr'><strong>pernae</strong></span> <span class='ocrx_word' id='word_1_386' title='bbox 1709 2933 1782 2973; x_wconf 56' lang='lat' dir='ltr'><strong>mor.</strong></span> 
     </span>
     <span class='ocr_line' id='line_1_31' title="bbox 114 2991 1784 3072; baseline -0.006 -14"><span class='ocrx_word' id='word_1_387' title='bbox 114 3003 310 3072; x_wconf 89' lang='lat' dir='ltr'><strong>undecumque</strong></span> <span class='ocrx_word' id='word_1_388' title='bbox 328 2996 445 3052; x_wconf 92' lang='lat' dir='ltr'><strong>collecto</strong></span> <span class='ocrx_word' id='word_1_389' title='bbox 469 2993 596 3050; x_wconf 82' lang='lat' dir='ltr'><strong>exomni</strong></span> <span class='ocrx_word' id='word_1_390' title='bbox 621 3007 706 3068; x_wconf 85' lang='lat' dir='ltr'><strong>regno</strong></span> <span class='ocrx_word' id='word_1_391' title='bbox 721 2991 774 3047; x_wconf 91' lang='lat' dir='ltr'><strong>sibi</strong></span> <span class='ocrx_word' id='word_1_392' title='bbox 795 2992 921 3062; x_wconf 88' lang='lat' dir='ltr'><strong>subjecto</strong></span> <span class='ocrx_word' id='word_1_393' title='bbox 971 3003 1033 3054; x_wconf 85' lang='lat' dir='ltr'><strong>taus</strong></span> <span class='ocrx_word' id='word_1_394' title='bbox 1060 3003 1099 3054; x_wconf 89' lang='lat' dir='ltr'><strong>cst</strong></span> <span class='ocrx_word' id='word_1_395' title='bbox 1125 3003 1200 3054; x_wconf 81' lang='lat' dir='ltr'><strong>oeteis</strong></span> <span class='ocrx_word' id='word_1_396' title='bbox 1224 2999 1349 3056; x_wconf 85' lang='lat' dir='ltr'><strong>daraiaas</strong></span> <span class='ocrx_word' id='word_1_397' title='bbox 1372 3001 1564 3071; x_wconf 72' lang='lat' dir='ltr'><strong>Assariomm3</strong></span> <span class='ocrx_word' id='word_1_398' title='bbox 1589 3003 1686 3060; x_wconf 51' lang='lat' dir='ltr'><strong>&amp;aaa</strong></span> <span class='ocrx_word' id='word_1_399' title='bbox 1710 3022 1784 3061; x_wconf 61' lang='lat' dir='ltr'><strong>mor.</strong></span> 
     </span>
     <span class='ocr_line' id='line_1_32' title="bbox 113 3045 1784 3167; baseline 0.001 -15"><span class='ocrx_word' id='word_1_400' title='bbox 113 3095 226 3167; x_wconf 80' lang='lat' dir='ltr'><strong>copiovo</strong></span> <span class='ocrx_word' id='word_1_401' title='bbox 247 3090 381 3157; x_wconf 84' lang='lat' dir='ltr'><strong>exercitu,</strong></span> <span class='ocrx_word' id='word_1_402' title='bbox 406 3094 468 3161; x_wconf 92' lang='lat' dir='ltr'><strong>post</strong></span> <span class='ocrx_word' id='word_1_403' title='bbox 495 3086 652 3159; x_wconf 88' lang='lat' dir='ltr'><strong>paschalem</strong></span> <span class='ocrx_word' id='word_1_404' title='bbox 688 3085 920 3156; x_wconf 87' lang='lat' dir='ltr'><strong>sollempnitatem</strong></span> <span class='ocrx_word' id='word_1_405' title='bbox 933 3045 959 3115; x_wconf 70' lang='lat' dir='ltr'>C</span> <span class='ocrx_word' id='word_1_406' title='bbox 971 3095 1033 3146; x_wconf 83' lang='lat' dir='ltr'><strong>tuus</strong></span> <span class='ocrx_word' id='word_1_407' title='bbox 1045 3095 1084 3146; x_wconf 86' lang='lat' dir='ltr'><strong>est</strong></span> <span class='ocrx_word' id='word_1_408' title='bbox 1098 3092 1219 3147; x_wconf 85' lang='lat' dir='ltr'><strong>soltanus</strong></span> <span class='ocrx_word' id='word_1_409' title='bbox 1234 3091 1267 3147; x_wconf 85' lang='lat' dir='ltr'><strong>de</strong></span> <span class='ocrx_word' id='word_1_410' title='bbox 1287 3094 1399 3162; x_wconf 83' lang='lat' dir='ltr'><strong>Yaanio,</strong></span> <span class='ocrx_word' id='word_1_411' title='bbox 1415 3098 1440 3149; x_wconf 87' lang='lat' dir='ltr'><strong>et</strong></span> <span class='ocrx_word' id='word_1_412' title='bbox 1453 3109 1481 3149; x_wconf 90' lang='lat' dir='ltr'><strong>ca</strong></span> <span class='ocrx_word' id='word_1_413' title='bbox 1495 3099 1611 3164; x_wconf 84' lang='lat' dir='ltr'><strong>mortuo,</strong></span> <span class='ocrx_word' id='word_1_414' title='bbox 1627 3099 1673 3151; x_wconf 89' lang='lat' dir='ltr'><strong>ira</strong></span> <span class='ocrx_word' id='word_1_415' title='bbox 1687 3102 1712 3153; x_wconf 84' lang='lat' dir='ltr'><strong>et</strong></span> <span class='ocrx_word' id='word_1_416' title='bbox 1725 3100 1784 3154; x_wconf 88' lang='lat' dir='ltr'><strong>dis·</strong></span> 
     </span>
     <span class='ocr_line' id='line_1_33' title="bbox 113 3172 1784 3257; baseline 0.004 -21"><span class='ocrx_word' id='word_1_417' title='bbox 113 3195 207 3236; x_wconf 88' lang='lat' dir='ltr'><strong>meuse</strong></span> <span class='ocrx_word' id='word_1_418' title='bbox 223 3177 307 3252; x_wconf 77' lang='lat' dir='ltr'><strong>aprili</strong></span> <span class='ocrx_word' id='word_1_419' title='bbox 323 3177 350 3232; x_wconf 94' lang='lat' dir='ltr'><strong>in</strong></span> <span class='ocrx_word' id='word_1_420' title='bbox 364 3174 590 3232; x_wconf 88' lang='lat' dir='ltr'><strong>Northmanniam</strong></span> <span class='ocrx_word' id='word_1_421' title='bbox 606 3174 691 3237; x_wconf 85' lang='lat' dir='ltr'><strong>vadit,</strong></span> <span class='ocrx_word' id='word_1_422' title='bbox 712 3189 772 3229; x_wconf 92' lang='lat' dir='ltr'><strong>eam</strong></span> <span class='ocrx_word' id='word_1_423' title='bbox 791 3172 920 3244; x_wconf 86' lang='lat' dir='ltr'><strong>depopu·</strong></span> <span class='ocrx_word' id='word_1_424' title='bbox 971 3181 1066 3236; x_wconf 82' lang='lat' dir='ltr'><strong>cordia</strong></span> <span class='ocrx_word' id='word_1_425' title='bbox 1087 3185 1182 3235; x_wconf 71' lang='lat' dir='ltr'><strong>escaria</strong></span> <span class='ocrx_word' id='word_1_426' title='bbox 1204 3184 1243 3236; x_wconf 88' lang='lat' dir='ltr'><strong>est</strong></span> <span class='ocrx_word' id='word_1_427' title='bbox 1257 3183 1329 3236; x_wconf 81' lang='lat' dir='ltr'><strong>iater</strong></span> <span class='ocrx_word' id='word_1_428' title='bbox 1343 3183 1415 3251; x_wconf 75' lang='lat' dir='ltr'><strong>titios</strong></span> <span class='ocrx_word' id='word_1_429' title='bbox 1433 3198 1510 3250; x_wconf 67' lang='lat' dir='ltr'><strong>suom</strong></span> <span class='ocrx_word' id='word_1_430' title='bbox 1534 3184 1631 3240; x_wconf 81' lang='lat' dir='ltr'><strong>deinde</strong></span> <span class='ocrx_word' id='word_1_431' title='bbox 1643 3187 1672 3240; x_wconf 86' lang='lat' dir='ltr'><strong>ia</strong></span> <span class='ocrx_word' id='word_1_432' title='bbox 1690 3189 1784 3257; x_wconf 86' lang='lat' dir='ltr'><strong>prima</strong></span> 
     </span>
     <span class='ocr_line' id='line_1_34' title="bbox 113 3261 1782 3341; baseline -0.007 -18"><span class='ocrx_word' id='word_1_433' title='bbox 113 3270 233 3335; x_wconf 71' lang='lat' dir='ltr'><strong>laturusr</strong></span> <span class='ocrx_word' id='word_1_434' title='bbox 263 3264 374 3322; x_wconf 89' lang='lat' dir='ltr'><strong>castella</strong></span> <span class='ocrx_word' id='word_1_435' title='bbox 409 3263 565 3318; x_wconf 84' lang='lat' dir='ltr'><strong>Wilcassini</strong></span> <span class='ocrx_word' id='word_1_436' title='bbox 600 3261 745 3330; x_wconf 91' lang='lat' dir='ltr'><strong>territorii,</strong></span> <span class='ocrx_word' id='word_1_437' title='bbox 773 3261 920 3318; x_wconf 74' lang='lat' dir='ltr'><strong>disortium</strong></span> <span class='ocrx_word' id='word_1_438' title='bbox 971 3272 1124 3340; x_wconf 57' lang='lat' dir='ltr'><strong>septimana</strong></span> <span class='ocrx_word' id='word_1_439' title='bbox 1134 3272 1238 3334; x_wconf 65' lang='lat' dir='ltr'><strong>Marcii,</strong></span> <span class='ocrx_word' id='word_1_440' title='bbox 1260 3270 1304 3325; x_wconf 66' lang='lat' dir='ltr'><strong>dte</strong></span> <span class='ocrx_word' id='word_1_441' title='bbox 1318 3287 1369 3341; x_wconf 67' lang='lat' dir='ltr'><strong>que</strong></span> <span class='ocrx_word' id='word_1_442' title='bbox 1382 3271 1485 3327; x_wconf 60' lang='lat' dir='ltr'><strong>dicitu,-</strong></span> <span class='ocrx_word' id='word_1_443' title='bbox 1496 3275 1638 3340; x_wconf 72' lang='lat' dir='ltr'><strong>uacaret,</strong></span> <span class='ocrx_word' id='word_1_444' title='bbox 1658 3279 1782 3332; x_wconf 58' lang='lat' dir='ltr'><strong><em>mortuus</em></strong></span> 
     </span>
     <span class='ocr_line' id='line_1_35' title="bbox 114 3353 1782 3435; baseline 0.002 -18"><span class='ocrx_word' id='word_1_445' title='bbox 114 3360 222 3418; x_wconf 83' lang='lat' dir='ltr'><strong>scilicet</strong></span> <span class='ocrx_word' id='word_1_446' title='bbox 236 3366 264 3415; x_wconf 89' lang='lat' dir='ltr'><strong>et</strong></span> <span class='ocrx_word' id='word_1_447' title='bbox 278 3359 332 3414; x_wconf 88' lang='lat' dir='ltr'><strong>alia</strong></span> <span class='ocrx_word' id='word_1_448' title='bbox 351 3355 446 3424; x_wconf 86' lang='lat' dir='ltr'><strong>mulia,</strong></span> <span class='ocrx_word' id='word_1_449' title='bbox 463 3356 546 3428; x_wconf 91' lang='lat' dir='ltr'><strong>cepit.</strong></span> <span class='ocrx_word' id='word_1_450' title='bbox 565 3355 708 3412; x_wconf 84' lang='lat' dir='ltr'><strong>Civitatem</strong></span> <span class='ocrx_word' id='word_1_451' title='bbox 723 3353 922 3410; x_wconf 81' lang='lat' dir='ltr'><strong>Northmannie</strong></span> <span class='ocrx_word' id='word_1_452' title='bbox 972 3362 1010 3415; x_wconf 88' lang='lat' dir='ltr'><strong>est</strong></span> <span class='ocrx_word' id='word_1_453' title='bbox 1023 3364 1198 3429; x_wconf 81' lang='lat' dir='ltr'><strong>persequutor</strong></span> <span class='ocrx_word' id='word_1_454' title='bbox 1211 3364 1301 3415; x_wconf 81' lang='lat' dir='ltr'><strong>aester</strong></span> <span class='ocrx_word' id='word_1_455' title='bbox 1315 3360 1520 3430; x_wconf 83' lang='lat' dir='ltr'><strong>salahadinus;</strong></span> <span class='ocrx_word' id='word_1_456' title='bbox 1548 3366 1577 3419; x_wconf 87' lang='lat' dir='ltr'><strong>ia</strong></span> <span class='ocrx_word' id='word_1_457' title='bbox 1592 3365 1670 3435; x_wconf 70' lang='lat' dir='ltr'><strong>euJas</strong></span> <span class='ocrx_word' id='word_1_458' title='bbox 1698 3371 1782 3422; x_wconf 80' lang='lat' dir='ltr'><strong>irrovte</strong></span> 
     </span>
     <span class='ocr_line' id='line_1_36' title="bbox 113 3449 1784 3529; baseline 0.001 -15"><span class='ocrx_word' id='word_1_459' title='bbox 113 3455 354 3529; x_wconf 88' lang='lat' dir='ltr'><strong>metropolitanam</strong></span> <span class='ocrx_word' id='word_1_460' title='bbox 378 3453 559 3527; x_wconf 80' lang='lat' dir='ltr'><strong>Rotomagum</strong></span> <span class='ocrx_word' id='word_1_461' title='bbox 575 3451 720 3508; x_wconf 86' lang='lat' dir='ltr'><strong>obsidione</strong></span> <span class='ocrx_word' id='word_1_462' title='bbox 744 3449 848 3516; x_wconf 87' lang='lat' dir='ltr'><strong>cinxit;</strong></span> <span class='ocrx_word' id='word_1_463' title='bbox 872 3449 922 3504; x_wconf 90' lang='lat' dir='ltr'><strong>sed</strong></span> <span class='ocrx_word' id='word_1_464' title='bbox 972 3455 1046 3522; x_wconf 78' lang='lat' dir='ltr'><strong>periti</strong></span> <span class='ocrx_word' id='word_1_465' title='bbox 1057 3468 1103 3508; x_wconf 86' lang='lat' dir='ltr'><strong>sae</strong></span> <span class='ocrx_word' id='word_1_466' title='bbox 1114 3453 1205 3520; x_wconf 75' lang='lat' dir='ltr'><strong>tactas</strong></span> <span class='ocrx_word' id='word_1_467' title='bbox 1216 3455 1254 3507; x_wconf 90' lang='lat' dir='ltr'><strong>est</strong></span> <span class='ocrx_word' id='word_1_468' title='bbox 1267 3453 1381 3508; x_wconf 87' lang='lat' dir='ltr'><strong>timaret</strong></span> <span class='ocrx_word' id='word_1_469' title='bbox 1389 3455 1569 3523; x_wconf 85' lang='lat' dir='ltr'><strong>perturbatio,</strong></span> <span class='ocrx_word' id='word_1_470' title='bbox 1586 3461 1612 3510; x_wconf 91' lang='lat' dir='ltr'><strong>et</strong></span> <span class='ocrx_word' id='word_1_471' title='bbox 1624 3459 1698 3512; x_wconf 84' lang='lat' dir='ltr'><strong>iuter</strong></span> <span class='ocrx_word' id='word_1_472' title='bbox 1711 3459 1784 3528; x_wconf 70' lang='lat' dir='ltr'><strong>filios</strong></span> 
     </span>
     <span class='ocr_line' id='line_1_37' title="bbox 113 3540 1782 3616; baseline 0.001 -15"><span class='ocrx_word' id='word_1_473' title='bbox 113 3544 221 3602; x_wconf 88' lang='lat' dir='ltr'><strong>civibus</strong></span> <span class='ocrx_word' id='word_1_474' title='bbox 241 3543 361 3600; x_wconf 89' lang='lat' dir='ltr'><strong>viriliter</strong></span> <span class='ocrx_word' id='word_1_475' title='bbox 375 3540 606 3616; x_wconf 81' lang='lat' dir='ltr'><strong>repugnantibus,</strong></span> <span class='ocrx_word' id='word_1_476' title='bbox 620 3547 775 3598; x_wconf 90' lang='lat' dir='ltr'><strong>commotus</strong></span> <span class='ocrx_word' id='word_1_477' title='bbox 804 3540 843 3594; x_wconf 91' lang='lat' dir='ltr'><strong>ira</strong></span> <span class='ocrx_word' id='word_1_478' title='bbox 868 3555 922 3610; x_wconf 90' lang='lat' dir='ltr'><strong>que</strong></span> <span class='ocrx_word' id='word_1_479' title='bbox 972 3541 1031 3611; x_wconf 83' lang='lat' dir='ltr'><strong>ejas</strong></span> <span class='ocrx_word' id='word_1_480' title='bbox 1051 3545 1146 3596; x_wconf 83' lang='lat' dir='ltr'><strong>eaorta</strong></span> <span class='ocrx_word' id='word_1_481' title='bbox 1167 3544 1207 3595; x_wconf 89' lang='lat' dir='ltr'><strong>est</strong></span> <span class='ocrx_word' id='word_1_482' title='bbox 1224 3541 1269 3594; x_wconf 87' lang='lat' dir='ltr'><strong>ira</strong></span> <span class='ocrx_word' id='word_1_483' title='bbox 1283 3545 1307 3594; x_wconf 89' lang='lat' dir='ltr'><strong>et</strong></span> <span class='ocrx_word' id='word_1_484' title='bbox 1322 3540 1464 3598; x_wconf 75' lang='lat' dir='ltr'><strong>edisseratio.</strong></span> <span class='ocrx_word' id='word_1_485' title='bbox 1492 3543 1611 3610; x_wconf 79' lang='lat' dir='ltr'><strong>Quilibet</strong></span> <span class='ocrx_word' id='word_1_486' title='bbox 1630 3548 1701 3602; x_wconf 83' lang='lat' dir='ltr'><strong>caim</strong></span> <span class='ocrx_word' id='word_1_487' title='bbox 1716 3548 1782 3602; x_wconf 77' lang='lat' dir='ltr'><strong>itta-</strong></span> 
     </span>
     <span class='ocr_line' id='line_1_38' title="bbox 112 3631 1783 3708; baseline 0 -15"><span class='ocrx_word' id='word_1_488' title='bbox 112 3638 138 3693; x_wconf 95' lang='lat' dir='ltr'><strong>ei</strong></span> <span class='ocrx_word' id='word_1_489' title='bbox 158 3639 230 3694; x_wconf 90' lang='lat' dir='ltr'><strong>inest</strong></span> <span class='ocrx_word' id='word_1_490' title='bbox 244 3637 346 3703; x_wconf 84' lang='lat' dir='ltr'><strong>nativa,</strong></span> <span class='ocrx_word' id='word_1_491' title='bbox 370 3634 498 3707; x_wconf 87' lang='lat' dir='ltr'><strong>petrariis</strong></span> <span class='ocrx_word' id='word_1_492' title='bbox 512 3641 540 3688; x_wconf 92' lang='lat' dir='ltr'><strong>et</strong></span> <span class='ocrx_word' id='word_1_493' title='bbox 566 3633 696 3708; x_wconf 84' lang='lat' dir='ltr'><strong>ingeniis,</strong></span> <span class='ocrx_word' id='word_1_494' title='bbox 710 3633 810 3706; x_wconf 88' lang='lat' dir='ltr'><strong>quibus</strong></span> <span class='ocrx_word' id='word_1_495' title='bbox 826 3631 920 3686; x_wconf 89' lang='lat' dir='ltr'><strong>urbem</strong></span> <span class='ocrx_word' id='word_1_496' title='bbox 973 3649 1046 3701; x_wconf 75' lang='lat' dir='ltr'><strong>rum,</strong></span> <span class='ocrx_word' id='word_1_497' title='bbox 1060 3649 1174 3704; x_wconf 81' lang='lat' dir='ltr'><strong>quarum</strong></span> <span class='ocrx_word' id='word_1_498' title='bbox 1181 3633 1250 3687; x_wconf 79' lang='lat' dir='ltr'><strong>alter</strong></span> <span class='ocrx_word' id='word_1_499' title='bbox 1261 3636 1300 3688; x_wconf 87' lang='lat' dir='ltr'><strong>est</strong></span> <span class='ocrx_word' id='word_1_500' title='bbox 1314 3634 1344 3687; x_wconf 87' lang='lat' dir='ltr'><strong>iu</strong></span> <span class='ocrx_word' id='word_1_501' title='bbox 1359 3633 1482 3704; x_wconf 82' lang='lat' dir='ltr'><strong>Halapia</strong></span> <span class='ocrx_word' id='word_1_502' title='bbox 1496 3635 1581 3706; x_wconf 70' lang='lat'><strong>(465),</strong></span> <span class='ocrx_word' id='word_1_503' title='bbox 1596 3638 1666 3692; x_wconf 87' lang='lat' dir='ltr'><strong>atter</strong></span> <span class='ocrx_word' id='word_1_504' title='bbox 1680 3640 1711 3693; x_wconf 86' lang='lat' dir='ltr'><strong>ia</strong></span> <span class='ocrx_word' id='word_1_505' title='bbox 1724 3641 1783 3694; x_wconf 83' lang='lat' dir='ltr'><strong>Da·</strong></span> 
     </span>
     <span class='ocr_line' id='line_1_39' title="bbox 111 3723 1784 3797; baseline 0 -11"><span class='ocrx_word' id='word_1_506' title='bbox 111 3729 269 3793; x_wconf 75' lang='lat' dir='ltr'><strong>vallare-ar,</strong></span> <span class='ocrx_word' id='word_1_507' title='bbox 291 3727 424 3794; x_wconf 82' lang='lat' dir='ltr'><strong>incensis,</strong></span> <span class='ocrx_word' id='word_1_508' title='bbox 438 3724 474 3781; x_wconf 89' lang='lat' dir='ltr'><strong>ab</strong></span> <span class='ocrx_word' id='word_1_509' title='bbox 490 3726 595 3780; x_wconf 89' lang='lat' dir='ltr'><strong>assultu</strong></span> <span class='ocrx_word' id='word_1_510' title='bbox 617 3724 752 3797; x_wconf 84' lang='lat' dir='ltr'><strong>inglorius</strong></span> <span class='ocrx_word' id='word_1_511' title='bbox 767 3723 857 3779; x_wconf 88' lang='lat' dir='ltr'><strong>rediit.</strong></span> <span class='ocrx_word' id='word_1_512' title='bbox 874 3723 923 3777; x_wconf 89' lang='lat' dir='ltr'><strong>Sa·</strong></span> <span class='ocrx_word' id='word_1_513' title='bbox 972 3740 1071 3789; x_wconf 77' lang='lat' dir='ltr'><strong>masao,</strong></span> <span class='ocrx_word' id='word_1_514' title='bbox 1091 3725 1162 3779; x_wconf 90' lang='lat' dir='ltr'><strong>atter</strong></span> <span class='ocrx_word' id='word_1_515' title='bbox 1175 3726 1205 3779; x_wconf 85' lang='lat' dir='ltr'><strong>ia</strong></span> <span class='ocrx_word' id='word_1_516' title='bbox 1222 3724 1370 3794; x_wconf 66' lang='lat' dir='ltr'><strong>Babylonia</strong></span> <span class='ocrx_word' id='word_1_517' title='bbox 1384 3731 1575 3796; x_wconf 86' lang='lat' dir='ltr'><strong>commoratur,</strong></span> <span class='ocrx_word' id='word_1_518' title='bbox 1595 3743 1623 3784; x_wconf 85' lang='lat' dir='ltr'><strong>se</strong></span> <span class='ocrx_word' id='word_1_519' title='bbox 1634 3730 1724 3797; x_wconf 78' lang='lat' dir='ltr'><strong>tratri</strong></span> <span class='ocrx_word' id='word_1_520' title='bbox 1736 3746 1784 3788; x_wconf 87' lang='lat' dir='ltr'><strong>suo</strong></span> 
     </span>
     <span class='ocr_line' id='line_1_40' title="bbox 112 3813 1783 3888; baseline -0.001 -13"><span class='ocrx_word' id='word_1_521' title='bbox 112 3819 242 3875; x_wconf 88' lang='lat' dir='ltr'><strong>lahadino</strong></span> <span class='ocrx_word' id='word_1_522' title='bbox 257 3817 330 3888; x_wconf 90' lang='lat' dir='ltr'><strong>apud</strong></span> <span class='ocrx_word' id='word_1_523' title='bbox 346 3817 507 3872; x_wconf 84' lang='lat' dir='ltr'><strong>Damascum</strong></span> <span class='ocrx_word' id='word_1_524' title='bbox 528 3824 648 3883; x_wconf 93' lang='lat' dir='ltr'><strong>mortuo,</strong></span> <span class='ocrx_word' id='word_1_525' title='bbox 663 3813 711 3870; x_wconf 87' lang='lat' dir='ltr'><strong>filii</strong></span> <span class='ocrx_word' id='word_1_526' title='bbox 725 3815 784 3883; x_wconf 89' lang='lat' dir='ltr'><strong>ejus</strong></span> <span class='ocrx_word' id='word_1_527' title='bbox 800 3815 829 3868; x_wconf 95' lang='lat' dir='ltr'><strong>in</strong></span> <span class='ocrx_word' id='word_1_528' title='bbox 846 3815 921 3885; x_wconf 89' lang='lat' dir='ltr'><strong>prin·</strong></span> <span class='ocrx_word' id='word_1_529' title='bbox 971 3815 1120 3884; x_wconf 84' lang='lat' dir='ltr'><strong>subjectam</strong></span> <span class='ocrx_word' id='word_1_530' title='bbox 1138 3828 1194 3868; x_wconf 88' lang='lat' dir='ltr'><strong>esse</strong></span> <span class='ocrx_word' id='word_1_531' title='bbox 1206 3813 1328 3881; x_wconf 75' lang='lat' dir='ltr'><strong>fastidit,</strong></span> <span class='ocrx_word' id='word_1_532' title='bbox 1344 3813 1393 3869; x_wconf 83' lang='lat' dir='ltr'><strong>sed</strong></span> <span class='ocrx_word' id='word_1_533' title='bbox 1407 3816 1476 3870; x_wconf 87' lang='lat' dir='ltr'><strong>atter</strong></span> <span class='ocrx_word' id='word_1_534' title='bbox 1492 3816 1530 3871; x_wconf 86' lang='lat' dir='ltr'><strong>ad</strong></span> <span class='ocrx_word' id='word_1_535' title='bbox 1546 3816 1699 3873; x_wconf 82' lang='lat' dir='ltr'><strong>dominium</strong></span> <span class='ocrx_word' id='word_1_536' title='bbox 1717 3820 1783 3874; x_wconf 89' lang='lat' dir='ltr'><strong>alte-</strong></span> 
     </span>
     <span class='ocr_line' id='line_1_41' title="bbox 112 3901 1779 3980; baseline 0.001 -16"><span class='ocrx_word' id='word_1_537' title='bbox 112 3909 204 3980; x_wconf 87' lang='lat' dir='ltr'><strong>cipatu</strong></span> <span class='ocrx_word' id='word_1_538' title='bbox 230 3905 307 3977; x_wconf 79' lang='lat' dir='ltr'><strong>Syrie</strong></span> <span class='ocrx_word' id='word_1_539' title='bbox 332 3914 361 3960; x_wconf 94' lang='lat' dir='ltr'><strong>et</strong></span> <span class='ocrx_word' id='word_1_540' title='bbox 388 3902 535 3976; x_wconf 79' lang='lat' dir='ltr'><strong>Babylonis</strong></span> <span class='ocrx_word' id='word_1_541' title='bbox 562 3904 586 3958; x_wconf 94' lang='lat' dir='ltr'><strong>ei</strong></span> <span class='ocrx_word' id='word_1_542' title='bbox 609 3902 773 3958; x_wconf 90' lang='lat' dir='ltr'><strong>succedunt.</strong></span> <span class='ocrx_word' id='word_1_543' title='bbox 801 3901 921 3957; x_wconf 76' lang='lat' dir='ltr'><strong>Ecclesia</strong></span> <span class='ocrx_word' id='word_1_544' title='bbox 971 3907 1032 3961; x_wconf 86' lang='lat' dir='ltr'><strong>rius</strong></span> <span class='ocrx_word' id='word_1_545' title='bbox 1050 3911 1074 3960; x_wconf 88' lang='lat' dir='ltr'><strong>et</strong></span> <span class='ocrx_word' id='word_1_546' title='bbox 1093 3910 1161 3960; x_wconf 88' lang='lat' dir='ltr'><strong>terre</strong></span> <span class='ocrx_word' id='word_1_547' title='bbox 1175 3905 1234 3975; x_wconf 84' lang='lat' dir='ltr'><strong>ejas</strong></span> <span class='ocrx_word' id='word_1_548' title='bbox 1247 3907 1340 3974; x_wconf 87' lang='lat' dir='ltr'><strong>pocius</strong></span> <span class='ocrx_word' id='word_1_549' title='bbox 1355 3906 1482 3963; x_wconf 80' lang='lat' dir='ltr'><strong>intendit.</strong></span> <span class='ocrx_word' id='word_1_550' title='bbox 1501 3908 1576 3962; x_wconf 86' lang='lat' dir='ltr'><strong>Urrde</strong></span> <span class='ocrx_word' id='word_1_551' title='bbox 1591 3912 1727 3965; x_wconf 73' lang='lat' dir='ltr'><strong>emaciter</strong></span> <span class='ocrx_word' id='word_1_552' title='bbox 1741 3926 1779 3966; x_wconf 86' lang='lat' dir='ltr'><strong>co</strong></span> 
     </span>
     <span class='ocr_line' id='line_1_42' title="bbox 111 3992 1777 4070; baseline 0.002 -19"><span class='ocrx_word' id='word_1_553' title='bbox 111 3995 209 4070; x_wconf 87' lang='lat' dir='ltr'><strong>lluglie</strong></span> <span class='ocrx_word' id='word_1_554' title='bbox 223 4001 251 4049; x_wconf 94' lang='lat' dir='ltr'><strong>ct</strong></span> <span class='ocrx_word' id='word_1_555' title='bbox 273 3993 451 4048; x_wconf 88' lang='lat' dir='ltr'><strong>Northmanic</strong></span> <span class='ocrx_word' id='word_1_556' title='bbox 473 3999 501 4047; x_wconf 92' lang='lat' dir='ltr'><strong>ct</strong></span> <span class='ocrx_word' id='word_1_557' title='bbox 525 3992 692 4047; x_wconf 88' lang='lat' dir='ltr'><strong>monasteria</strong></span> <span class='ocrx_word' id='word_1_558' title='bbox 718 3992 916 4048; x_wconf 82' lang='lat' dir='ltr'><strong>monachorum</strong></span> <span class='ocrx_word' id='word_1_559' title='bbox 966 3999 1129 4065; x_wconf 67' lang='lat' dir='ltr'><strong>praescimus,</strong></span> <span class='ocrx_word' id='word_1_560' title='bbox 1141 3995 1367 4066; x_wconf 82' lang='lat' dir='ltr'><strong>quodetempora</strong></span> <span class='ocrx_word' id='word_1_561' title='bbox 1375 3995 1539 4066; x_wconf 78' lang='lat' dir='ltr'><strong>perditionis</strong></span> <span class='ocrx_word' id='word_1_562' title='bbox 1550 4001 1631 4066; x_wconf 88' lang='lat' dir='ltr'><strong>terre,</strong></span> <span class='ocrx_word' id='word_1_563' title='bbox 1640 3999 1777 4055; x_wconf 80' lang='lat' dir='ltr'><strong>hereditas</strong></span> 
     </span>
     <span class='ocr_line' id='line_1_43' title="bbox 112 4080 1779 4166; baseline -0.002 -13"><span class='ocrx_word' id='word_1_564' title='bbox 112 4102 128 4140; x_wconf 65' lang='grc' dir='ltr'>ἃ</span> <span class='ocrx_word' id='word_1_565' title='bbox 149 4083 287 4139; x_wconf 66' lang='lat' dir='ltr'><strong>lh⁰³³llli⁵</strong></span> <span class='ocrx_word' id='word_1_566' title='bbox 300 4082 358 4138; x_wconf 60' lang='lat' dir='ltr'>⁸¹15ss</span> <span class='ocrx_word' id='word_1_567' title='bbox 381 4081 416 4137; x_wconf 67' lang='lat'><strong>⁰¹³</strong></span> <span class='ocrx_word' id='word_1_568' title='bbox 431 4080 651 4151; x_wconf 63' lang='lat' dir='ltr'><strong>ledemlllfflm</strong></span> <span class='ocrx_word' id='word_1_569' title='bbox 672 4080 745 4156; x_wconf 64' lang='lat' dir='ltr'><strong>legis</strong></span> <span class='ocrx_word' id='word_1_570' title='bbox 766 4080 916 4156; x_wconf 64' lang='lat' dir='ltr'><strong>Asssslfflussl</strong></span> <span class='ocrx_word' id='word_1_571' title='bbox 969 4091 1071 4147; x_wconf 86' lang='lat' dir='ltr'><strong>Christi</strong></span> <span class='ocrx_word' id='word_1_572' title='bbox 1084 4092 1123 4146; x_wconf 89' lang='lat' dir='ltr'><strong>sic</strong></span> <span class='ocrx_word' id='word_1_573' title='bbox 1135 4090 1168 4145; x_wconf 85' lang='lat' dir='ltr'><strong>de</strong></span> <span class='ocrx_word' id='word_1_574' title='bbox 1180 4091 1232 4144; x_wconf 86' lang='lat' dir='ltr'><strong>tevi</strong></span> <span class='ocrx_word' id='word_1_575' title='bbox 1243 4106 1296 4146; x_wconf 84' lang='lat' dir='ltr'><strong>aaa</strong></span> <span class='ocrx_word' id='word_1_576' title='bbox 1308 4093 1396 4161; x_wconf 88' lang='lat' dir='ltr'><strong>potuit</strong></span> <span class='ocrx_word' id='word_1_577' title='bbox 1410 4095 1580 4162; x_wconf 83' lang='lat' dir='ltr'><strong>recuperari.</strong></span> <span class='ocrx_word' id='word_1_578' title='bbox 1599 4094 1686 4149; x_wconf 84' lang='lat' dir='ltr'><strong>Terra</strong></span> <span class='ocrx_word' id='word_1_579' title='bbox 1696 4110 1779 4166; x_wconf 79' lang='lat' dir='ltr'><strong>petam</strong></span> 
     </span>
     <span class='ocr_line' id='line_1_44' title="bbox 112 4172 1781 4255; baseline -0.002 -24"><span class='ocrx_word' id='word_1_580' title='bbox 112 4175 274 4248; x_wconf 89' lang='lat' dir='ltr'><strong>spoliantur.</strong></span> <span class='ocrx_word' id='word_1_581' title='bbox 302 4173 447 4229; x_wconf 85' lang='lat' dir='ltr'><strong>botharius</strong></span> <span class='ocrx_word' id='word_1_582' title='bbox 470 4172 648 4229; x_wconf 80' lang='lat' dir='ltr'><strong>leodicensis</strong></span> <span class='ocrx_word' id='word_1_583' title='bbox 685 4173 818 4239; x_wconf 87' lang='lat' dir='ltr'><strong>intrusus,</strong></span> <span class='ocrx_word' id='word_1_584' title='bbox 833 4188 916 4228; x_wconf 82' lang='lat' dir='ltr'><strong>causo</strong></span> <span class='ocrx_word' id='word_1_585' title='bbox 966 4187 1035 4239; x_wconf 66' lang='lat' dir='ltr'><strong>renea</strong></span> <span class='ocrx_word' id='word_1_586' title='bbox 1049 4185 1236 4239; x_wconf 60' lang='lat' dir='ltr'><strong>christianitas</strong></span> <span class='ocrx_word' id='word_1_587' title='bbox 1246 4185 1278 4237; x_wconf 69' lang='lat' dir='ltr'><strong>m</strong></span> <span class='ocrx_word' id='word_1_588' title='bbox 1291 4185 1402 4252; x_wconf 61' lang='lat' dir='ltr'><strong>treugis,</strong></span> <span class='ocrx_word' id='word_1_589' title='bbox 1418 4185 1571 4252; x_wconf 60' lang='lat' dir='ltr'><strong>manassem</strong></span> <span class='ocrx_word' id='word_1_590' title='bbox 1583 4187 1781 4255; x_wconf 62' lang='lat' dir='ltr'><strong>penpmspapp.</strong></span> 
     </span>
     <span class='ocr_line' id='line_1_45' title="bbox 113 4263 1780 4337; baseline -0.004 -14"><span class='ocrx_word' id='word_1_591' title='bbox 113 4265 314 4324; x_wconf 87' lang='lat' dir='ltr'><strong>interiectionis</strong></span> <span class='ocrx_word' id='word_1_592' title='bbox 337 4265 460 4320; x_wconf 71' lang='lat' dir='ltr'><strong>riutberti</strong></span> <span class='ocrx_word' id='word_1_593' title='bbox 489 4265 613 4334; x_wconf 76' lang='lat' dir='ltr'><strong>eiusdem</strong></span> <span class='ocrx_word' id='word_1_594' title='bbox 639 4263 716 4320; x_wconf 87' lang='lat' dir='ltr'><strong>urbis</strong></span> <span class='ocrx_word' id='word_1_595' title='bbox 738 4264 862 4337; x_wconf 88' lang='lat' dir='ltr'><strong>episcopi</strong></span> <span class='ocrx_word' id='word_1_596' title='bbox 882 4265 916 4321; x_wconf 94' lang='lat' dir='ltr'><strong>ab</strong></span> <span class='ocrx_word' id='word_1_597' title='bbox 967 4273 1100 4328; x_wconf 66' lang='lat' dir='ltr'><strong>raamias</strong></span> <span class='ocrx_word' id='word_1_598' title='bbox 1123 4273 1262 4328; x_wconf 59' lang='lat' dir='ltr'><strong>matthata.</strong></span> <span class='ocrx_word' id='word_1_599' title='bbox 1288 4273 1400 4327; x_wconf 70' lang='lat' dir='ltr'><strong>Factam</strong></span> <span class='ocrx_word' id='word_1_600' title='bbox 1427 4288 1499 4328; x_wconf 70' lang='lat' dir='ltr'><strong>anm</strong></span> <span class='ocrx_word' id='word_1_601' title='bbox 1519 4276 1629 4330; x_wconf 61' lang='lat' dir='ltr'><strong>pomini</strong></span> <span class='ocrx_word' id='word_1_602' title='bbox 1655 4274 1726 4331; x_wconf 78' lang='lat'><strong>1193</strong></span> <span class='ocrx_word' id='word_1_603' title='bbox 1752 4279 1780 4332; x_wconf 66' lang='lat' dir='ltr'><strong>p„</strong></span> 
     </span>
     <span class='ocr_line' id='line_1_46' title="bbox 112 4354 1174 4435; baseline 0.004 -19"><span class='ocrx_word' id='word_1_604' title='bbox 112 4359 189 4416; x_wconf 91' lang='lat' dir='ltr'><strong>omni</strong></span> <span class='ocrx_word' id='word_1_605' title='bbox 213 4356 368 4430; x_wconf 89' lang='lat' dir='ltr'><strong>prelatione</strong></span> <span class='ocrx_word' id='word_1_606' title='bbox 393 4355 541 4412; x_wconf 92' lang='lat' dir='ltr'><strong>ccclesiea</strong></span> <span class='ocrx_word' id='word_1_607' title='bbox 569 4354 706 4413; x_wconf 83' lang='lat' dir='ltr'><strong>Celestino</strong></span> <span class='ocrx_word' id='word_1_608' title='bbox 724 4372 796 4429; x_wconf 87' lang='lat' dir='ltr'><strong>papa</strong></span> <span class='ocrx_word' id='word_1_609' title='bbox 826 4357 917 4427; x_wconf 89' lang='lat' dir='ltr'><strong>priva·</strong></span> <span class='ocrx_word' id='word_1_610' title='bbox 971 4367 1047 4419; x_wconf 79' lang='lat' dir='ltr'><strong>auita</strong></span> <span class='ocrx_word' id='word_1_611' title='bbox 1066 4365 1174 4435; x_wconf 78' lang='lat' dir='ltr'><strong>Aprilis</strong></span> 
     </span>
    </p>

    <p class='ocr_par' dir='ltr' id='par_1_3' title="bbox 38 4421 1781 5358">
     <span class='ocr_line' id='line_1_47' title="bbox 114 4421 1600 4523; baseline -0.007 -15"><span class='ocrx_word' id='word_1_612' title='bbox 114 4461 157 4508; x_wconf 94' lang='lat' dir='ltr'><strong>tur</strong></span> <span class='ocrx_word' id='word_1_613' title='bbox 178 4449 259 4523; x_wconf 76' lang='lat' dir='ltr'><strong>(tout.</strong></span> <span class='ocrx_word' id='word_1_614' title='bbox 287 4449 420 4505; x_wconf 82' lang='lat' dir='ltr'><strong>henricus</strong></span> <span class='ocrx_word' id='word_1_615' title='bbox 443 4448 595 4520; x_wconf 88' lang='lat' dir='ltr'><strong>imperator</strong></span> <span class='ocrx_word' id='word_1_616' title='bbox 618 4449 653 4504; x_wconf 90' lang='lat' dir='ltr'><strong>de</strong></span> <span class='ocrx_word' id='word_1_617' title='bbox 678 4455 768 4505; x_wconf 90' lang='lat' dir='ltr'><strong>morto</strong></span> <span class='ocrx_word' id='word_1_618' title='bbox 795 4421 962 4520; x_wconf 79' lang='lat' dir='ltr'><strong>episcopiD</strong></span> <span class='ocrx_word' id='word_1_619' title='bbox 1043 4458 1124 4514; x_wconf 69' lang='lat'><strong>1194,</strong></span> <span class='ocrx_word' id='word_1_620' title='bbox 1197 4457 1229 4513; x_wconf 67' lang='grc' dir='ltr'><strong>Β,</strong></span> <span class='ocrx_word' id='word_1_621' title='bbox 1251 4459 1277 4514; x_wconf 70' lang='lat' dir='ltr'><strong>a,</strong></span> <span class='ocrx_word' id='word_1_622' title='bbox 1352 4457 1379 4514; x_wconf 60' lang='lat' dir='ltr'><strong>F,</strong></span> <span class='ocrx_word' id='word_1_623' title='bbox 1401 4460 1444 4516; x_wconf 55' lang='grc' dir='ltr'><strong>η,</strong></span> <span class='ocrx_word' id='word_1_624' title='bbox 1520 4460 1550 4515; x_wconf 67' lang='grc' dir='ltr'><strong>Α,</strong></span> <span class='ocrx_word' id='word_1_625' title='bbox 1571 4457 1600 4514; x_wconf 79' lang='grc' dir='ltr'><strong>5Ι</strong></span> 
     </span>
     <span class='ocr_line' id='line_1_48' title="bbox 112 4542 1781 4624; baseline -0.005 -22"><span class='ocrx_word' id='word_1_626' title='bbox 112 4545 263 4618; x_wconf 88' lang='lat' dir='ltr'><strong>supradicti</strong></span> <span class='ocrx_word' id='word_1_627' title='bbox 278 4544 440 4616; x_wconf 85' lang='lat' dir='ltr'><strong>parentibus</strong></span> <span class='ocrx_word' id='word_1_628' title='bbox 453 4544 513 4613; x_wconf 88' lang='lat' dir='ltr'><strong>ejus</strong></span> <span class='ocrx_word' id='word_1_629' title='bbox 534 4542 719 4613; x_wconf 88' lang='lat' dir='ltr'><strong>satislaciens,</strong></span> <span class='ocrx_word' id='word_1_630' title='bbox 734 4551 826 4599; x_wconf 92' lang='lat' dir='ltr'><strong>motus</strong></span> <span class='ocrx_word' id='word_1_631' title='bbox 841 4543 919 4614; x_wconf 89' lang='lat' dir='ltr'><strong>prin·</strong></span> <span class='ocrx_word' id='word_1_632' title='bbox 1007 4549 1160 4607; x_wconf 67' lang='lat' dir='ltr'><strong>{richardus</strong></span> <span class='ocrx_word' id='word_1_633' title='bbox 1185 4566 1233 4606; x_wconf 72' lang='lat' dir='ltr'><strong>rex</strong></span> <span class='ocrx_word' id='word_1_634' title='bbox 1255 4549 1403 4624; x_wconf 64' lang='lat' dir='ltr'><strong>anglorum</strong></span> <span class='ocrx_word' id='word_1_635' title='bbox 1437 4567 1486 4624; x_wconf 65' lang='lat' dir='ltr'><strong>per</strong></span> <span class='ocrx_word' id='word_1_636' title='bbox 1514 4566 1634 4608; x_wconf 65' lang='lat' dir='ltr'><strong>annuam</strong></span> <span class='ocrx_word' id='word_1_637' title='bbox 1665 4551 1781 4622; x_wconf 59' lang='grc' dir='ltr'>ωρῃγῑ.</span> 
     </span>
     <span class='ocr_line' id='line_1_49' title="bbox 81 4637 1778 4717; baseline 0.001 -21"><span class='ocrx_word' id='word_1_638' title='bbox 81 4638 88 4645; x_wconf 80' lang='grc'><em>’</em></span> <span class='ocrx_word' id='word_1_639' title='bbox 113 4641 204 4712; x_wconf 88' lang='lat' dir='ltr'><strong>cipum</strong></span> <span class='ocrx_word' id='word_1_640' title='bbox 221 4639 310 4713; x_wconf 85' lang='lat' dir='ltr'><strong>regni,</strong></span> <span class='ocrx_word' id='word_1_641' title='bbox 335 4639 383 4711; x_wconf 90' lang='lat' dir='ltr'><strong>qni</strong></span> <span class='ocrx_word' id='word_1_642' title='bbox 399 4637 530 4695; x_wconf 83' lang='lat' dir='ltr'><strong>adversus</strong></span> <span class='ocrx_word' id='word_1_643' title='bbox 550 4655 612 4694; x_wconf 91' lang='lat' dir='ltr'><strong>cum</strong></span> <span class='ocrx_word' id='word_1_644' title='bbox 634 4644 749 4710; x_wconf 89' lang='lat' dir='ltr'><strong>propter</strong></span> <span class='ocrx_word' id='word_1_645' title='bbox 762 4638 833 4693; x_wconf 89' lang='lat' dir='ltr'><strong>hanc</strong></span> <span class='ocrx_word' id='word_1_646' title='bbox 856 4654 921 4693; x_wconf 88' lang='lat' dir='ltr'><strong>cau·</strong></span> <span class='ocrx_word' id='word_1_647' title='bbox 971 4646 1066 4706; x_wconf 93' lang='lat' dir='ltr'><strong>tatem,</strong></span> <span class='ocrx_word' id='word_1_648' title='bbox 1087 4654 1187 4714; x_wconf 86' lang='lat' dir='ltr'><strong>magno</strong></span> <span class='ocrx_word' id='word_1_649' title='bbox 1212 4647 1250 4706; x_wconf 88' lang='lat' dir='ltr'><strong>et,</strong></span> <span class='ocrx_word' id='word_1_650' title='bbox 1265 4646 1295 4694; x_wconf 95' lang='lat' dir='ltr'><strong>ut</strong></span> <span class='ocrx_word' id='word_1_651' title='bbox 1310 4639 1346 4695; x_wconf 91' lang='lat' dir='ltr'><strong>ita</strong></span> <span class='ocrx_word' id='word_1_652' title='bbox 1363 4639 1464 4708; x_wconf 91' lang='lat' dir='ltr'><strong>dicam,</strong></span> <span class='ocrx_word' id='word_1_653' title='bbox 1484 4639 1594 4697; x_wconf 84' lang='lat' dir='ltr'><strong>infinito</strong></span> <span class='ocrx_word' id='word_1_654' title='bbox 1613 4641 1721 4717; x_wconf 89' lang='lat' dir='ltr'><strong>argenti</strong></span> <span class='ocrx_word' id='word_1_655' title='bbox 1736 4657 1778 4697; x_wconf 92' lang='lat' dir='ltr'><strong>re·</strong></span> 
     </span>
     <span class='ocr_line' id='line_1_50' title="bbox 112 4728 1780 4804; baseline 0.001 -18"><span class='ocrx_word' id='word_1_656' title='bbox 112 4747 170 4786; x_wconf 84' lang='lat' dir='ltr'><strong>sain</strong></span> <span class='ocrx_word' id='word_1_657' title='bbox 184 4731 400 4798; x_wconf 83' lang='lat' dir='ltr'><strong>insurrexerant,</strong></span> <span class='ocrx_word' id='word_1_658' title='bbox 428 4730 526 4797; x_wconf 91' lang='lat' dir='ltr'><strong>sedat;</strong></span> <span class='ocrx_word' id='word_1_659' title='bbox 543 4747 575 4786; x_wconf 93' lang='lat' dir='ltr'><strong>ea</strong></span> <span class='ocrx_word' id='word_1_660' title='bbox 601 4730 772 4786; x_wconf 91' lang='lat' dir='ltr'><strong>conditione.</strong></span> <span class='ocrx_word' id='word_1_661' title='bbox 800 4736 830 4784; x_wconf 93' lang='lat' dir='ltr'><strong>ut</strong></span> <span class='ocrx_word' id='word_1_662' title='bbox 852 4728 916 4784; x_wconf 90' lang='lat' dir='ltr'><strong>duci</strong></span> <span class='ocrx_word' id='word_1_663' title='bbox 971 4733 1101 4804; x_wconf 88' lang='lat' dir='ltr'><strong>demptus</strong></span> <span class='ocrx_word' id='word_1_664' title='bbox 1121 4731 1225 4803; x_wconf 89' lang='lat' dir='ltr'><strong>precio.</strong></span> <span class='ocrx_word' id='word_1_665' title='bbox 1253 4731 1287 4786; x_wconf 91' lang='lat' dir='ltr'><strong>ab</strong></span> <span class='ocrx_word' id='word_1_666' title='bbox 1308 4731 1473 4803; x_wconf 87' lang='lat' dir='ltr'><strong>imperatore</strong></span> <span class='ocrx_word' id='word_1_667' title='bbox 1496 4731 1613 4788; x_wconf 86' lang='lat' dir='ltr'><strong>ilenrico</strong></span> <span class='ocrx_word' id='word_1_668' title='bbox 1629 4730 1780 4788; x_wconf 90' lang='lat' dir='ltr'><strong>honorilice</strong></span> 
     </span>
     <span class='ocr_line' id='line_1_51' title="bbox 113 4820 1779 4900; baseline -0.002 -20"><span class='ocrx_word' id='word_1_669' title='bbox 113 4822 278 4881; x_wconf 82' lang='lat' dir='ltr'><strong>lovaniensi</strong></span> <span class='ocrx_word' id='word_1_670' title='bbox 292 4829 319 4878; x_wconf 92' lang='lat' dir='ltr'><strong>et</strong></span> <span class='ocrx_word' id='word_1_671' title='bbox 337 4821 508 4878; x_wconf 79' lang='lat' dir='ltr'><strong>troarnensi</strong></span> <span class='ocrx_word' id='word_1_672' title='bbox 526 4822 596 4895; x_wconf 68' lang='lat' dir='ltr'><strong>(tot)</strong></span> <span class='ocrx_word' id='word_1_673' title='bbox 626 4838 689 4879; x_wconf 91' lang='lat' dir='ltr'><strong>cum</strong></span> <span class='ocrx_word' id='word_1_674' title='bbox 706 4821 918 4894; x_wconf 90' lang='lat' dir='ltr'><strong>consiliocapi-</strong></span> <span class='ocrx_word' id='word_1_675' title='bbox 970 4834 999 4881; x_wconf 90' lang='lat' dir='ltr'><strong>et</strong></span> <span class='ocrx_word' id='word_1_676' title='bbox 1024 4823 1205 4900; x_wconf 88' lang='lat' dir='ltr'><strong>cumgratia,</strong></span> <span class='ocrx_word' id='word_1_677' title='bbox 1231 4838 1300 4894; x_wconf 87' lang='lat' dir='ltr'><strong>pace</strong></span> <span class='ocrx_word' id='word_1_678' title='bbox 1327 4821 1409 4878; x_wconf 91' lang='lat' dir='ltr'><strong>etiam</strong></span> <span class='ocrx_word' id='word_1_679' title='bbox 1440 4823 1513 4879; x_wconf 90' lang='lat' dir='ltr'><strong>inter</strong></span> <span class='ocrx_word' id='word_1_680' title='bbox 1532 4837 1581 4879; x_wconf 89' lang='lat' dir='ltr'><strong>eos</strong></span> <span class='ocrx_word' id='word_1_681' title='bbox 1605 4820 1722 4892; x_wconf 83' lang='lat' dir='ltr'><strong>firmata,</strong></span> <span class='ocrx_word' id='word_1_682' title='bbox 1751 4822 1779 4877; x_wconf 90' lang='lat' dir='ltr'><strong>iu</strong></span> 
     </span>
     <span class='ocr_line' id='line_1_52' title="bbox 112 4912 1780 4995; baseline -0.002 -21"><span class='ocrx_word' id='word_1_683' title='bbox 112 4916 163 4975; x_wconf 89' lang='lat' dir='ltr'><strong>tuli</strong></span> <span class='ocrx_word' id='word_1_684' title='bbox 182 4916 290 4982; x_wconf 89' lang='lat' dir='ltr'><strong>liceret,</strong></span> <span class='ocrx_word' id='word_1_685' title='bbox 315 4930 396 4988; x_wconf 87' lang='lat' dir='ltr'><strong>quem</strong></span> <span class='ocrx_word' id='word_1_686' title='bbox 417 4914 553 4971; x_wconf 88' lang='lat' dir='ltr'><strong>voluerint</strong></span> <span class='ocrx_word' id='word_1_687' title='bbox 574 4914 679 4990; x_wconf 87' lang='lat' dir='ltr'><strong>eligere</strong></span> <span class='ocrx_word' id='word_1_688' title='bbox 707 4912 866 4985; x_wconf 88' lang='lat' dir='ltr'><strong>episcopum</strong></span> <span class='ocrx_word' id='word_1_689' title='bbox 891 4914 918 4968; x_wconf 92' lang='lat' dir='ltr'><strong>iu</strong></span> <span class='ocrx_word' id='word_1_690' title='bbox 970 4918 1094 4995; x_wconf 76' lang='lat' dir='ltr'><strong>ingliam</strong></span> <span class='ocrx_word' id='word_1_691' title='bbox 1111 4915 1269 4972; x_wconf 91' lang='lat' dir='ltr'><strong>remittitur.</strong></span> <span class='ocrx_word' id='word_1_692' title='bbox 1286 4914 1336 4981; x_wconf 83' lang='lat' dir='ltr'><strong>Qui</strong></span> <span class='ocrx_word' id='word_1_693' title='bbox 1356 4915 1473 4972; x_wconf 89' lang='lat' dir='ltr'><strong>navibus</strong></span> <span class='ocrx_word' id='word_1_694' title='bbox 1487 4915 1608 4988; x_wconf 90' lang='lat' dir='ltr'><strong>inportu</strong></span> <span class='ocrx_word' id='word_1_695' title='bbox 1623 4914 1780 4986; x_wconf 79' lang='lat' dir='ltr'><strong>Andoverpi</strong></span> 
     </span>
     <span class='ocr_line' id='line_1_53' title="bbox 112 5003 1781 5082; baseline -0.002 -16"><span class='ocrx_word' id='word_1_696' title='bbox 112 5010 177 5066; x_wconf 89' lang='lat' dir='ltr'><strong>sede</strong></span> <span class='ocrx_word' id='word_1_697' title='bbox 204 5007 377 5065; x_wconf 73' lang='lat' dir='ltr'><strong>leodicensi.</strong></span> <span class='ocrx_word' id='word_1_698' title='bbox 404 5007 455 5072; x_wconf 79' lang='lat' dir='ltr'><strong>Qut</strong></span> <span class='ocrx_word' id='word_1_699' title='bbox 484 5006 649 5063; x_wconf 86' lang='lat' dir='ltr'><strong>auctoritate</strong></span> <span class='ocrx_word' id='word_1_700' title='bbox 678 5005 815 5078; x_wconf 91' lang='lat' dir='ltr'><strong>imperiali</strong></span> <span class='ocrx_word' id='word_1_701' title='bbox 846 5006 917 5074; x_wconf 92' lang='lat' dir='ltr'><strong>treti,</strong></span> <span class='ocrx_word' id='word_1_702' title='bbox 970 5006 1134 5082; x_wconf 82' lang='lat' dir='ltr'><strong>preparatis,</strong></span> <span class='ocrx_word' id='word_1_703' title='bbox 1161 5004 1349 5062; x_wconf 80' lang='lat' dir='ltr'><strong>transfretavit</strong></span> <span class='ocrx_word' id='word_1_704' title='bbox 1363 5020 1425 5060; x_wconf 91' lang='lat' dir='ltr'><strong>cum</strong></span> <span class='ocrx_word' id='word_1_705' title='bbox 1441 5003 1535 5060; x_wconf 87' lang='lat' dir='ltr'><strong>lavore</strong></span> <span class='ocrx_word' id='word_1_706' title='bbox 1558 5018 1660 5078; x_wconf 88' lang='lat' dir='ltr'><strong>magno</strong></span> <span class='ocrx_word' id='word_1_707' title='bbox 1688 5006 1781 5061; x_wconf 88' lang='lat' dir='ltr'><strong>asuis</strong></span> 
     </span>
     <span class='ocr_line' id='line_1_54' title="bbox 38 5097 1781 5176; baseline -0.002 -19"><span class='ocrx_word' id='word_1_708' title='bbox 38 5160 42 5168; x_wconf 59' lang='grc'>,</span> <span class='ocrx_word' id='word_1_709' title='bbox 111 5102 255 5176; x_wconf 86' lang='lat' dir='ltr'><strong>elegerunt</strong></span> <span class='ocrx_word' id='word_1_710' title='bbox 288 5101 448 5175; x_wconf 81' lang='lat' dir='ltr'><strong>symonem,</strong></span> <span class='ocrx_word' id='word_1_711' title='bbox 495 5099 581 5156; x_wconf 89' lang='lat' dir='ltr'><strong>tilium</strong></span> <span class='ocrx_word' id='word_1_712' title='bbox 614 5099 693 5156; x_wconf 92' lang='lat' dir='ltr'><strong>ducis</strong></span> <span class='ocrx_word' id='word_1_713' title='bbox 719 5101 917 5156; x_wconf 72' lang='lat' dir='ltr'><strong>ardennensis.</strong></span> <span class='ocrx_word' id='word_1_714' title='bbox 969 5103 1168 5175; x_wconf 88' lang='lat' dir='ltr'><strong>suscipitur,et</strong></span> <span class='ocrx_word' id='word_1_715' title='bbox 1180 5101 1209 5156; x_wconf 95' lang='lat' dir='ltr'><strong>in</strong></span> <span class='ocrx_word' id='word_1_716' title='bbox 1224 5100 1302 5174; x_wconf 87' lang='lat' dir='ltr'><strong>regui</strong></span> <span class='ocrx_word' id='word_1_717' title='bbox 1318 5099 1388 5155; x_wconf 90' lang='lat' dir='ltr'><strong>solio</strong></span> <span class='ocrx_word' id='word_1_718' title='bbox 1404 5099 1539 5156; x_wconf 89' lang='lat' dir='ltr'><strong>decenter</strong></span> <span class='ocrx_word' id='word_1_719' title='bbox 1554 5097 1702 5154; x_wconf 87' lang='lat' dir='ltr'><strong>relocatur.</strong></span> <span class='ocrx_word' id='word_1_720' title='bbox 1718 5099 1781 5156; x_wconf 89' lang='lat' dir='ltr'><strong>illos</strong></span> 
     </span>
     <span class='ocr_line' id='line_1_55' title="bbox 113 5184 1781 5267; baseline -0.002 -19"><span class='ocrx_word' id='word_1_721' title='bbox 113 5193 475 5266; x_wconf 82' lang='lat' dir='ltr'><strong>Philippasrexseeundam</strong></span> <span class='ocrx_word' id='word_1_722' title='bbox 496 5191 574 5248; x_wconf 85' lang='lat' dir='ltr'><strong>duxit</strong></span> <span class='ocrx_word' id='word_1_723' title='bbox 592 5207 706 5248; x_wconf 82' lang='lat' dir='ltr'><strong>uxorem</strong></span> <span class='ocrx_word' id='word_1_724' title='bbox 723 5192 916 5267; x_wconf 88' lang='lat' dir='ltr'><strong>lngelburgem</strong></span> <span class='ocrx_word' id='word_1_725' title='bbox 969 5192 1016 5265; x_wconf 87' lang='lat' dir='ltr'><strong>qui</strong></span> <span class='ocrx_word' id='word_1_726' title='bbox 1045 5189 1146 5245; x_wconf 86' lang='lat' dir='ltr'><strong>fideles</strong></span> <span class='ocrx_word' id='word_1_727' title='bbox 1179 5188 1232 5245; x_wconf 90' lang='lat' dir='ltr'><strong>sibi</strong></span> <span class='ocrx_word' id='word_1_728' title='bbox 1264 5187 1421 5255; x_wconf 82' lang='lat' dir='ltr'><strong>extiterant,</strong></span> <span class='ocrx_word' id='word_1_729' title='bbox 1442 5186 1596 5244; x_wconf 89' lang='lat' dir='ltr'><strong>honoribus</strong></span> <span class='ocrx_word' id='word_1_730' title='bbox 1621 5184 1781 5244; x_wconf 84' lang='lat' dir='ltr'><strong>sublimavit</strong></span> 
     </span>
     <span class='ocr_line' id='line_1_56' title="bbox 113 5276 1781 5358; baseline 0 -24"><span class='ocrx_word' id='word_1_731' title='bbox 113 5284 185 5358; x_wconf 88' lang='lat' dir='ltr'><strong>regis</strong></span> <span class='ocrx_word' id='word_1_732' title='bbox 207 5285 284 5341; x_wconf 84' lang='lat' dir='ltr'><strong>[tatia</strong></span> <span class='ocrx_word' id='word_1_733' title='bbox 310 5283 406 5352; x_wconf 89' lang='lat' dir='ltr'><strong>filiam,</strong></span> <span class='ocrx_word' id='word_1_734' title='bbox 431 5284 459 5338; x_wconf 92' lang='lat' dir='ltr'><strong>in</strong></span> <span class='ocrx_word' id='word_1_735' title='bbox 481 5282 575 5358; x_wconf 90' lang='lat' dir='ltr'><strong>vigilia</strong></span> <span class='ocrx_word' id='word_1_736' title='bbox 604 5283 802 5357; x_wconf 89' lang='lat' dir='ltr'><strong>assumptionis</strong></span> <span class='ocrx_word' id='word_1_737' title='bbox 825 5292 918 5342; x_wconf 87' lang='lat' dir='ltr'><strong>sancte</strong></span> <span class='ocrx_word' id='word_1_738' title='bbox 968 5281 1124 5354; x_wconf 88' lang='lat' dir='ltr'><strong>proditores</strong></span> <span class='ocrx_word' id='word_1_739' title='bbox 1149 5293 1215 5334; x_wconf 88' lang='lat' dir='ltr'><strong>vcro</strong></span> <span class='ocrx_word' id='word_1_740' title='bbox 1234 5276 1455 5344; x_wconf 81' lang='lat' dir='ltr'><strong>exauctorisavit,</strong></span> <span class='ocrx_word' id='word_1_741' title='bbox 1476 5277 1612 5349; x_wconf 87' lang='lat' dir='ltr'><strong>quosdam</strong></span> <span class='ocrx_word' id='word_1_742' title='bbox 1633 5277 1718 5334; x_wconf 89' lang='lat' dir='ltr'><strong>etiam</strong></span> <span class='ocrx_word' id='word_1_743' title='bbox 1733 5292 1781 5334; x_wconf 90' lang='lat' dir='ltr'><strong>oc-</strong></span> 
     </span>
    </p>
   </div>
   <div class='ocr_carea' id='block_1_3' title="bbox 892 5407 997 5465">
    <p class='ocr_par' dir='ltr' id='par_1_4' title="bbox 892 5407 997 5465">
     <span class='ocr_line' id='line_1_57' title="bbox 892 5407 997 5465; baseline -0.01 -1"><span class='ocrx_word' id='word_1_744' title='bbox 892 5407 997 5465; x_wconf 86' lang='lat' dir='ltr'><strong>NOTAE.</strong></span> 
     </span>
    </p>
   </div>
   <div class='ocr_carea' id='block_1_4' title="bbox 116 5503 1665 5655">
    <p class='ocr_par' dir='ltr' id='par_1_5' title="bbox 116 5503 1665 5655">
     <span class='ocr_line' id='line_1_58' title="bbox 117 5503 1665 5591; baseline -0.002 -28"><span class='ocrx_word' id='word_1_745' title='bbox 117 5575 122 5587; x_wconf 37' lang='grc' dir='ltr'>Ι</span> <span class='ocrx_word' id='word_1_746' title='bbox 150 5508 388 5591; x_wconf 79' lang='lat' dir='ltr'><strong>(ldlllticbardus</strong></span> <span class='ocrx_word' id='word_1_747' title='bbox 413 5541 444 5552; x_wconf 88' lang='lat'>-</span> <span class='ocrx_word' id='word_1_748' title='bbox 459 5513 563 5566; x_wconf 79' lang='lat' dir='ltr'><strong>cairate</strong></span> <span class='ocrx_word' id='word_1_749' title='bbox 577 5510 675 5569; x_wconf 91' lang='lat' dir='ltr'><strong>iisdem</strong></span> <span class='ocrx_word' id='word_1_750' title='bbox 695 5515 787 5571; x_wconf 88' lang='lat' dir='ltr'><strong>verbis</strong></span> <span class='ocrx_word' id='word_1_751' title='bbox 803 5516 933 5590; x_wconf 89' lang='lat' dir='ltr'><strong>leguntur</strong></span> <span class='ocrx_word' id='word_1_752' title='bbox 1023 5508 1092 5579; x_wconf 76' lang='lat'><strong>(463)</strong></span> <span class='ocrx_word' id='word_1_753' title='bbox 1109 5510 1225 5591; x_wconf 77' lang='lat' dir='ltr'><strong>Excepta</strong></span> <span class='ocrx_word' id='word_1_754' title='bbox 1242 5507 1422 5589; x_wconf 81' lang='lat' dir='ltr'><strong>praepositura</strong></span> <span class='ocrx_word' id='word_1_755' title='bbox 1437 5506 1465 5562; x_wconf 90' lang='lat' dir='ltr'><strong>iu</strong></span> <span class='ocrx_word' id='word_1_756' title='bbox 1482 5503 1665 5563; x_wconf 83' lang='lat' dir='ltr'><strong>Continentia.</strong></span> 
     </span>
     <span class='ocr_line' id='line_1_59' title="bbox 116 5579 1438 5655; baseline 0.001 -24"><span class='ocrx_word' id='word_1_757' title='bbox 116 5592 144 5632; x_wconf 84' lang='lat' dir='ltr'><strong>tn</strong></span> <span class='ocrx_word' id='word_1_758' title='bbox 157 5581 309 5637; x_wconf 78' lang='lat' dir='ltr'><strong>Annalibus</strong></span> <span class='ocrx_word' id='word_1_759' title='bbox 324 5582 533 5655; x_wconf 69' lang='lat' dir='ltr'><strong>aquicinctinis.</strong></span> <span class='ocrx_word' id='word_1_760' title='bbox 710 5620 712 5626; x_wconf 86' lang='lat'><em>-</em></span> <span class='ocrx_word' id='word_1_761' title='bbox 1023 5582 1090 5652; x_wconf 67' lang='lat' dir='ltr'><strong>tutti</strong></span> <span class='ocrx_word' id='word_1_762' title='bbox 1107 5582 1224 5637; x_wconf 90' lang='lat' dir='ltr'><strong>llenrrco</strong></span> <span class='ocrx_word' id='word_1_763' title='bbox 1244 5582 1279 5636; x_wconf 90' lang='lat' dir='ltr'><strong>de</strong></span> <span class='ocrx_word' id='word_1_764' title='bbox 1300 5579 1438 5655; x_wconf 82' lang='lat' dir='ltr'><strong>limburg.</strong></span> 
     </span>
    </p>
   </div>
   <div class='ocr_carea' id='block_1_5' title="bbox 151 5651 1220 5727">
    <p class='ocr_par' dir='ltr' id='par_1_6' title="bbox 151 5651 1220 5727">
     <span class='ocr_line' id='line_1_60' title="bbox 151 5651 1220 5727; baseline 0.02 -23"><span class='ocrx_word' id='word_1_765' title='bbox 151 5651 494 5725; x_wconf 73' lang='lat' dir='ltr'><strong>(aoatseuuocasaaan.</strong></span> <span class='ocrx_word' id='word_1_766' title='bbox 1019 5654 1220 5727; x_wconf 68' lang='lat' dir='ltr'><strong>rmstaiappo.</strong></span> 
     </span>
    </p>
   </div>
   <div class='ocr_carea' id='block_1_6' title="bbox 0 0 1864 6014">
    <p class='ocr_par' dir='ltr' id='par_1_7' title="bbox 0 0 1864 6014">
     <span class='ocr_line' id='line_1_61' title="bbox 0 0 1864 6014; baseline 0 2"><span class='ocrx_word' id='word_1_767' title='bbox 0 0 1864 6014; x_wconf 95' lang='lat' dir='ltr'><strong> </strong></span> 
     </span>
    </p>
   </div>
  </div>
 </body>
</html>
