3720 6014
124 182 196 241 taos
632 186 774 243 atbbttt
792 186 949 243 coartati
970 183 1116 242 bobxcltt
1136 183 1284 241 trottae.
1732 183 1799 239 tatto

124 315 314 372 contractione
339 331 389 372 cos
403 315 547 387 perdente,
564 316 721 373 diutissime
742 318 770 373 in
789 317 859 385 suis,
877 318 930 374 boc
943 323 968 391 Α
980 316 1043 381 dus,
1060 315 1227 389 cognomine
1247 313 1343 383 Albus,
1372 314 1415 371 vir
1434 319 1545 387 potens,
1569 328 1628 370 non
1657 313 1756 369 solum
1774 313 1802 369 in

123 413 242 482 cogente
266 407 372 476 morbo,
402 407 508 463 resides
533 409 644 477 iacuere
667 409 798 484 grabatis.
827 408 928 464 llorum
981 405 1115 461 ruricolas
1149 403 1243 476 praedii
1276 402 1375 471 illius,
1408 418 1504 459 rerum
1538 403 1622 459 etiam
1664 403 1696 457 in
1738 419 1804 459 con·

124 510 197 550 unus
211 493 303 550 incola
317 494 404 560 rillae3
428 511 490 567 quae
504 505 617 553 sanctus
631 499 745 554 Bonitus
760 498 794 554 de
821 498 930 554 Vetula·
982 494 1083 567 lignos,
1120 493 1199 549 aritae
1240 492 1439 549 dominationis
1481 493 1633 548 exercebat
1659 492 1723 561 jus.
1754 491 1804 547 Cu-

124 579 335 648 rineadicitur;
357 583 505 639 altorxero
529 587 641 641 exvilla
661 587 931 662 l‘aliugiasrooitata
979 587 1026 654 ius
1055 600 1123 640 uxor
1148 585 1214 641 dum
1239 584 1387 639 occasione
1419 584 1507 655 turpis
1548 591 1677 655 quaestus
1714 582 1804 638 vicina

124 674 263 731 exstitisse
278 676 450 747 perhibetur.
474 678 524 743 Qui
547 679 698 750 primordio
713 696 770 735 suae
795 679 930 735 iura'etu-
981 684 1143 751 peragraret
1158 695 1233 745 rura,
1248 676 1361 733 deuenit
1376 676 1409 731 ad
1435 693 1518 747 supra
1538 681 1732 731 memoratum
1743 692 1802 730 cnm

124 761 209 832 dinis,
224 766 344 837 amplius
368 768 442 837 justo
464 768 583 824 anilibus
605 769 709 824 creduli
733 768 844 836 iabulis,
874 783 930 824 non
980 770 1102 841 superbo
1117 770 1361 835 comitatulooum,
1374 770 1413 826 uti
1428 771 1588 840 hujusmodi
1604 770 1745 826 incedere
1763 787 1804 826 as·

124 858 220 929 paucis
239 857 349 927 diebus,
360 859 434 916 lalsis
448 860 670 917 muliercularum
686 861 854 917 carminibus
869 876 930 916 sese
980 859 1073 915 solent
1100 868 1245 916 matronae.
1279 860 1341 915 Erat
1368 869 1459 915 autem
1486 858 1650 916 autumnale
1680 867 1804 931 tempus,

124 949 215 1021 decipi
230 951 414 1021 pertulerunt,
427 953 540 1009 animati
555 953 629 1008 salsis
642 955 754 1026 spebus.
771 954 824 1010 Sed
841 961 868 1009 et
880 969 930 1025 po·
981 949 1094 1020 quando
1111 949 1214 1019 pressis
1243 949 1375 1005 torculari
1397 948 1481 1017 vinis,
1510 949 1607 1004 vinum
1630 949 1722 1004 condi
1739 948 1807 1004 solet

125 1039 263 1111 pulcrium
290 1042 459 1098 medicorum
486 1043 610 1099 insanam
634 1045 739 1115 experti
765 1061 857 1116 opem,
882 1044 930 1116 qui
983 1040 1011 1095 iu
1027 1042 1188 1113 praeparatis
1207 1042 1404 1114 promptuariis
1424 1043 1457 1098 ad
1472 1044 1643 1099 seruandum
1662 1043 1694 1098 in
1712 1052 1806 1114 poste·

125 1128 284 1198 artemisiae,
312 1147 448 1200 vervenae,
475 1133 611 1201 betarum,
650 1148 699 1189 seu
729 1133 844 1189 aliarum
870 1150 933 1206 quae
983 1148 1063 1199 rum;
1092 1133 1171 1202 eujus
1191 1149 1246 1190 nou
1279 1135 1388 1191 modica
1409 1135 1549 1208 quantitas
1573 1142 1643 1191 tuuc
1664 1135 1808 1207 {temporis

127 1219 227 1290 passim
238 1221 319 1276 tellus
333 1222 416 1278 edere
431 1225 577 1280 consucvit
590 1226 682 1280 succis
706 1225 863 1288 herbarum,
881 1241 931 1281 sou
983 1224 1088 1280 ibidem
1103 1225 1268 1282 habebatur.
1280 1227 1390 1283 blaudat
1404 1243 1470 1300 ergo
1482 1227 1582 1282 eadem
1602 1236 1739 1283 matrona
1753 1243 1809 1283 mo·

125 1312 297 1368 diversorum
312 1315 472 1371 animalium
488 1317 627 1389 adipibus,
637 1318 685 1373 vili
700 1318 852 1390 plebeculas
867 1318 932 1372 illu·
982 1320 1072 1376 nacho
1086 1328 1115 1375 ut
1128 1320 1182 1375 sibi
1192 1328 1219 1377 et
1229 1321 1477 1378 suisacceleratum
1491 1323 1626 1378 exhibent
1640 1323 1805 1395 prandium.

127 1404 194 1459 dere
209 1405 310 1474 solent,
326 1406 366 1462 nil
387 1408 501 1465 omuino
529 1408 716 1481 proiecerunt.
739 1408 814 1465 Unde
840 1411 933 1465 auimo
984 1411 1033 1477 Qui
1050 1411 1167 1468 audieus
1180 1429 1241 1484 quae
1251 1413 1431 1482 jubebantur,
1459 1413 1545 1470 nimia
1560 1415 1650 1470 animi
1675 1415 1806 1490 indigna·

127 1492 246 1560 dimissi,
269 1495 385 1552 ulterius
407 1497 543 1553 medelam
573 1514 603 1553 se
624 1498 741 1570 adipisci
770 1499 935 1555 destiterunt
985 1500 1061 1556 tione
1080 1509 1245 1564 commotus,
1266 1510 1296 1558 ut
1317 1511 1377 1559 erat
1400 1503 1551 1570 animosus,
1573 1504 1733 1576 respondit
1755 1521 1806 1559 ne·

126 1598 250 1653 sperare,
271 1601 353 1656 quam
381 1602 550 1659 magnopere
576 1602 637 1642 sese
653 1588 800 1658 expetiisse
815 1589 933 1644 arbitra·
985 1609 1124 1666 quaquam
1140 1610 1170 1648 so
1190 1593 1338 1662 directum,
1364 1602 1502 1667 quatenus
1526 1595 1723 1650 substantiam
1738 1597 1809 1652 ruris

127 1669 240 1727 buntur.
268 1673 299 1727 ln
326 1690 381 1747 qua
409 1674 605 1746 desperatione
633 1677 680 1732 diu
712 1685 933 1748 perseuerantes,
989 1685 1075 1756 ipsius
1085 1685 1111 1738 iu
1126 1684 1261 1741 conviviis
1273 1686 1420 1741 mulierum
1432 1686 1683 1758 expenderet,sed
1698 1686 1810 1742 utfide-

128 1762 199 1816 nibil
213 1763 247 1819 de
261 1780 311 1820 sua
325 1766 413 1821 salute
427 1767 596 1841 cogitabant.
612 1768 749 1823 immensa
765 1784 830 1825 uero
845 1768 937 1824 omni·
988 1773 1053 1828 liter
1071 1771 1214 1828 collectam
1236 1773 1340 1846 eisqui
1363 1789 1393 1828 se
1420 1774 1553 1829 miserant
1580 1774 1736 1849 dirigeret,
1759 1792 1809 1830 nec

128 1849 250 1920 potentis
269 1852 376 1907 Domini
400 1853 560 1923 clementia,
584 1871 646 1928 quae
676 1856 785 1911 illorum
812 1856 936 1912 misereri
987 1863 1218 1918 cousuetudinem
1240 1861 1383 1932 imponere
1413 1861 1559 1918 locovelle
1586 1878 1677 1934 qnam
1695 1863 1807 1918 nonin·

129 1943 300 2015 decreuerat,
327 1947 441 2004 immisit
465 1950 543 2006 cordi
558 1967 666 2019 eorum,
687 1961 825 2024 quatenus
849 1952 937 2007 Patri·
987 1954 1119 2011 venisset.
1131 1955 1189 2020 Qua
1204 1953 1387 2024 responsione
1403 1953 1544 2009 contemni
1555 1968 1622 2008 sese
1639 1954 1749 2008 mulier
1762 1971 1808 2009 au·

129 2039 235 2098 eiacum
259 2042 400 2114 deportari
426 2044 608 2113 sciscerent,
626 2046 792 2119 Patremque
818 2047 939 2102 Benedi—
988 2052 1108 2114 tumaus,
1124 2046 1273 2102 furibunda
1301 2045 1425 2101 recessit.
1444 2045 1563 2116 imperat
1588 2061 1660 2120 ergo
1676 2047 1810 2119 ansegiso

80 2169 82 2173 .
130 2144 204 2193 ctum
229 2141 259 2188 ut
273 2148 323 2205 pro
338 2148 434 2188 eorum
458 2133 547 2189 salute
572 2135 746 2191 intercedere
766 2137 937 2210 dignaretur,
989 2137 1102 2192 Brutnio
1122 2137 1168 2209 qui
1184 2152 1283 2192 eorum
1300 2136 1423 2192 locorum
1448 2135 1482 2191 ab
1503 2135 1565 2207 ipsa
1580 2136 1808 2193 dominationem

130 2229 284 2280 exorarent.
303 2223 438 2279 Fecerunt
460 2232 551 2278 autem
565 2224 617 2291 sic,
634 2240 689 2280 uon
706 2224 819 2296 quidem
837 2224 936 2280 eodem
988 2237 1142 2301 acceperat,
1167 2234 1306 2301 quatenus
1320 2228 1456 2301 quidquid
1482 2227 1540 2283 riui
1555 2228 1611 2283 sub
1628 2228 1698 2298 jure
1715 2245 1809 2284 mona·

129 2325 266 2388 tompore,
286 2315 335 2371 sed
360 2315 476 2371 dirersis
495 2316 677 2388 temporibus.
707 2317 940 2392 igiturdumali-
989 2321 1103 2377 eliorum
1132 2321 1291 2392 reperisset,
1317 2319 1448 2391 plaustris
1469 2319 1622 2391 imponens
1642 2320 1809 2383 deveheret,

131 2417 199 2482 quot
223 2408 323 2464 diebus
347 2409 375 2463 in
396 2408 563 2464 monasterio
592 2409 716 2479 ejusdem
738 2409 791 2465 loci
811 2409 939 2480 precibus
989 2417 1017 2467 et
1035 2427 1085 2467 suo
1112 2409 1223 2466 cellario
1249 2410 1421 2465 reconderet.
1451 2409 1500 2465 llic
1516 2410 1671 2481 praeceptis
1687 2408 1806 2465 domine

131 2499 293 2555 insistentes
316 2505 536 2570 pernoctassent,
552 2499 712 2570 sospitatem
732 2498 938 2571 integerrimam
989 2500 1122 2557 velociter
1135 2499 1289 2555 obaudiens
1302 2498 1436 2555 relriculis
1447 2498 1541 2553 vinum
1559 2497 1699 2570 imponit,
1716 2507 1745 2553 et
1757 2499 1810 2554 suis

132 2598 309 2663 receperunt.
324 2592 501 2648 laetabundis
513 2592 606 2662 itaque
621 2591 732 2656 animis,
753 2598 846 2662 grates
866 2590 938 2644 Patri
990 2588 1094 2644 inferre
1110 2597 1238 2659 properet
1257 2586 1412 2657 apothecis.
1436 2587 1469 2641 tt
1488 2601 1670 2658 nequaquam
1688 2587 1738 2641 diu
1755 2604 1804 2662 ga-

132 2688 227 2737 sancto
243 2680 409 2748 mouentes,
431 2687 607 2738 revertuntur
618 2679 651 2734 ad
667 2679 790 2751 propria,
811 2679 941 2735 omnibus
990 2681 1064 2735 risus
1074 2688 1125 2734 ost.
1137 2677 1344 2750 boniquefilius
1355 2678 1416 2750 eius
1425 2677 1577 2733 admodum
1591 2694 1712 2748 paruus,
1726 2694 1807 2747 quem

133 2770 310 2842 propalantes
338 2770 538 2842 omnipotentis
565 2768 674 2825 bomini
704 2769 731 2823 in
764 2785 794 2823 so
829 2775 941 2825 ostensa
990 2769 1072 2824 unice
1099 2768 1242 2843 diligebat,
1268 2783 1330 2822 rirox
1358 2773 1387 2822 ut
1407 2766 1530 2838 plaustra
1551 2765 1627 2820 iores
1655 2766 1810 2839 attigerunt

132 2864 281 2938 magnalia.
993 2859 1102 2927 domus,
1126 2865 1179 2914 tam
1200 2857 1299 2913 solidis
1321 2856 1445 2912 febribus
1460 2855 1553 2928 urgeri
1575 2856 1665 2927 coepit
1696 2865 1728 2911 ut
1742 2873 1810 2928 pene

170 2956 681 3027 Camllblll.—Farpunitusinfilio
698 2957 942 3024 Pettitcnsptriso-
992 2951 1111 3005 animam
1128 2950 1278 3005 exhalaret.
1296 2951 1328 3004 tlt
1357 2947 1459 3003 uirille
1476 2964 1657 3020 nequaquam
1683 2949 1812 3004 liaesitaus

132 3046 368 3102 nitoternobtinel.
389 3045 517 3109 Quaedam
544 3044 683 3115 possessio
704 3044 940 3100 diclaSulmeria·
991 3040 1238 3098 booiulortuuium
1269 3039 1322 3094 sibi
1345 3038 1482 3106 accidere,
1513 3053 1547 3094 eo
1579 3038 1660 3110 quod
1686 3038 1813 3093 nefandis

93 3178 102 3196 t
133 3156 182 3197 cos
204 3140 259 3211 (37)
276 3139 515 3194 Patriciacensium
530 3139 654 3208 subjacet
671 3139 782 3206 ditioni,
795 3154 856 3210 quae
873 3140 941 3211 ipsis
991 3135 1110 3191 dominae
1118 3132 1203 3205 jussis
1213 3130 1543 3203 obtemperasset,rinum
1559 3130 1738 3195 reddidit,et
1749 3130 1813 3202 quin

133 3249 190 3291 non
210 3235 414 3290 contemnenda
424 3231 584 3289 victualium
595 3233 842 3305 quotannisrerum
858 3234 941 3290 iulert
990 3231 1072 3286 stulte
1087 3229 1189 3304 egisset
1203 3243 1412 3300 recognoscens
1432 3241 1481 3297 pro
1501 3241 1553 3281 suo
1571 3225 1679 3280 delicto
1696 3225 1809 3279 satisfe-

133 3326 267 3384 subsidia.
275 3325 488 3398 Cuiuuperrime
496 3325 832 3397 praelecerantquemdam
840 3342 873 3381 ex
884 3328 941 3383 suis
991 3319 1038 3374 cit.
1054 3319 1217 3389 Patremque
1236 3314 1417 3372 lleiiedictum
1433 3330 1483 3387 pro
1500 3314 1581 3386 pueri
1600 3314 1698 3370 saluto
1711 3314 1810 3369 orarit.

132 3418 242 3487 iratres,
263 3418 351 3494 gratia
368 3418 496 3474 tuitionis
510 3419 563 3474 loci
585 3424 612 3474 et
632 3419 814 3475 arcendorum
836 3421 942 3490 prsetlo·
993 3410 1077 3474 01111111
1093 3410 1241 3481 piusPater
1251 3408 1442 3479 11111111111111
1457 3407 1545 3478 ἱ1151115
1558 3415 1809 3477 accelllifflssfflfflll·

132 3524 209 3576 num,
224 3515 251 3563 et
266 3507 485 3582 colligendorum
501 3506 643 3562 annuatim
655 3507 742 3562 solitae
757 3519 941 3579 repraesouta-
990 3499 1078 3566 divit,
1104 3506 1132 3554 11
1160 3514 1274 3569 puerum
1309 3498 1336 3552 111
1368 3496 1512 3568 pristinam
1543 3495 1696 3551 5111111111οω
1728 3495 1810 3551 sesti·

133 3599 216 3656 tiouis
227 3599 376 3656 fructuum.
392 3599 459 3654 lluic
470 3599 633 3655 uocabulum
643 3599 732 3655 irrorat
741 3599 815 3666 bdo;
828 3616 882 3672 quo
897 3618 941 3657 ro·
991 3595 1042 3650 tuit
1057 3593 1134 3666 (38)..

79 3695 81 3699 ’
132 3691 250 3761 iereute,
262 3708 294 3748 ea
309 3708 370 3764 quae
383 3691 474 3748 scribo
488 3692 613 3768 cognovi.
630 3692 747 3757 Quidam
762 3693 941 3749 erchembal-

168 3852 222 3923 (37)
249 3851 318 3905 Villa
345 3852 404 3906 haec
423 3850 476 3906 sita
497 3856 556 3906 erat
584 3851 611 3905 in
655 3866 706 3923 ago
733 3851 938 3918 hlatisconcusi,
989 3848 1127 3904 Ludovico
1153 3863 1228 3921 rega,
1253 3845 1359 3902 Joanue
1378 3844 1580 3913 aurelianensi,
1601 3849 1631 3899 et
1652 3845 1809 3902 llumbnldo

132 3924 256 3981 Floriano
276 3922 407 3977 attributa
428 3922 605 3978 aWiuiterio
622 3868 733 3977 biennii
762 3924 871 3978 comitis
886 3938 937 3977 ne·
989 3918 1224 3975 autissiodorensi
1252 3917 1405 3998 episcopia
1421 3916 1589 3998 ¹Clir'istiauo
1609 3932 1728 3998 quoque
1750 3919 1810 3986 ejus

133 3994 423 4068 poteexcbartisbb
443 3993 867 4049 etiboodicisPatriciaceusis.
990 3993 1043 4048 loci
1070 3991 1216 4057 monacho,
1247 4006 1294 4060 qut
1323 4004 1380 4043 rem
1409 3989 1508 4043 litteris
1537 3989 1696 4055 mandarit,
1719 3991 1812 4060 aitque

169 4066 223 4134 (38)
236 4065 294 4120 Nou
307 4066 433 4135 peruenit
447 4073 543 4119 auctor
555 4064 588 4118 ad
605 4079 706 4119 aunum
727 4066 807 4130 1107,
824 4080 879 4137 qno
894 4080 940 4118 re·
990 4063 1088 4119 iactam
1105 4078 1167 4117 esso
1184 4068 1240 4116 tum
1264 4059 1429 4115 electionem
1445 4057 1565 4113 Bosonis
1581 4059 1694 4114 abbatis
1709 4076 1746 4116 eo
1760 4076 1810 4115 no·

133 4136 281 4209 liquiarum
302 4136 389 4191 sancti
406 4135 492 4191 Patris
519 4135 661 4192 Benedicti
682 4136 823 4192 translatio
848 4137 943 4190 iuno·
994 4135 1067 4189 mino
1095 4133 1211 4189 secundi
1233 4132 1261 4186 in
1288 4133 1380 4188 locum
1397 4130 1527 4198 Simonis,
1547 4130 1595 4202 qui
1619 4132 1722 4202 paucis
1750 4139 1811 4187 aute

132 4225 193 4264 ram
210 4209 316 4263 thecam
343 4207 416 4262 iacta
435 4213 478 4262 ost
492 4224 530 4261 au
555 4207 612 4263 Kal.
628 4208 739 4280 tlprilis,
760 4206 944 4278 praesentibus
993 4206 1092 4260 diebus
1106 4205 1220 4260 obierat.

134 4354 1803 4386 ’.ψ-ὼ*-

798 4551 1142 4655 APPENDIX

515 4725 539 4780 Α
554 4725 744 4780 bollandianis
756 4726 849 4793 susim
863 4724 963 4780 addito
976 4740 1010 4781 oa
1024 4741 1075 4781 ms.
1096 4724 1184 4781 codice
1199 4723 1403 4781 Potricicoensi.

171 4927 196 4978 l.
222 4923 356 4994 Tempore
371 4922 495 4978 Gauzlini
515 4922 708 4996 gloriosissimi
723 4923 809 4979 Patris
822 4939 854 4978 ac
868 4924 942 4978 ilitu-
953 4926 983 4995 D
993 4924 1046 4980 bns
1058 4923 1162 4996 perlrui
1177 4923 1255 4993 cujus
1270 4927 1348 4977 eraut
1362 4919 1488 4977 doctrina
1503 4924 1530 4972 et
1541 4916 1711 4990 magisterio
1725 4917 1814 4975 infor·

134 5013 285 5093 nicensium
308 5013 526 5084 archipresulis,
546 5014 624 5069 multi
645 5013 778 5069 nobilium
793 5012 942 5068 mundialis
993 5017 1069 5072 mati.
1100 5017 1214 5072 Videres
1241 5013 1440 5070 confluentium
1470 5008 1582 5084 agmina
1617 5008 1813 5081 undecunque

134 5105 196 5162 uitae
216 5105 297 5178 nugis
309 5105 465 5182 abnegatis,
494 5105 522 5160 in
547 5106 671 5176 palaestra
685 5105 767 5173 liujus
779 5105 834 5160 loci
851 5104 898 5160 bei
915 5113 943 5160 et
992 5125 1168 5175 concurrere,
1195 5114 1223 5163 et
1237 5117 1366 5178 tauquam
1386 5119 1443 5160 uuo
1458 5117 1505 5158 orc
1520 5101 1705 5172 proclamare
1732 5103 1811 5158 illlud

135 5198 244 5254 Domini
256 5197 342 5253 nostri
354 5213 384 5253 se
400 5197 503 5253 dedere
516 5197 613 5253 ditioni
625 5197 677 5251 suli
687 5197 829 5269 proposito
841 5203 941 5252 sauctae
992 5199 1087 5256 nobile
1103 5197 1261 5254 vaticinium
1278 5195 1370 5251 lsaiae:
1397 5198 1417 5247 Α
1433 5193 1534 5263 finibus
1547 5195 1633 5246 terrra
1648 5193 1814 5248 audierimus

135 5291 288 5365 religionis.
317 5292 372 5348 Nec
398 5292 489 5346 miuus
508 5292 590 5346 etiam
617 5291 651 5346 ab
666 5291 774 5347 extimis
803 5291 941 5361 llispauiae
992 5286 1490 5356 orodeaptoricmjostiamtnxu,
1509 5279 1812 5351 telmessenses:

135 5383 304 5452 secessibus,
318 5384 364 5439 alii
386 5401 401 5438 a
416 5398 502 5454 puero
518 5384 545 5438 in
561 5383 656 5439 diuina
671 5383 864 5439 observatione
877 5396 941 5437 enu·
995 5379 1102 5434 Etenim
1118 5376 1323 5430 benedictionem
1338 5372 1415 5426 dabit
1429 5369 1567 5438 legislator
1586 5368 1678 5439 (Psoi.
1701 5386 1815 5442 cxxxiii,

136 5476 203 5543 triti,
236 5476 283 5531 alii
309 5477 387 5549 apice
414 5475 560 5548 pastoralis
587 5492 660 5532 curae
684 5475 835 5542 sublimati,
857 5472 944 5545 patria
993 5465 1136 5539 8)·0111111
1161 5456 1609 5531 11111111111111111111111111111111111111
1634 5466 1817 5516 mereremur

126 5565 273 5637 rebusque
284 5566 433 5638 abdicatis,
450 5566 627 5641 praesentiam
644 5567 752 5640 petiero
766 5565 848 5636 liuius
864 5563 942 5635 prin·
993 5557 1105 5629 quidam
1120 5557 1174 5611 duo
1189 5553 1327 5630 germani,
1345 5557 1455 5607 nectare
1476 5548 1541 5605 tacti
1566 5565 1705 5620 supernae
1728 5552 1815 5623 inspi-

111 5655 186 5732 cipis
199 5657 261 5728 Dal,
280 5662 378 5739 magni
392 5662 602 5734 existimantes,
617 5662 641 5721 si
665 5661 766 5722 liceret
788 5655 948 5734 conspecti·
999 5647 1390 5711 rationisahareinuuaurue
1404 5644 1530 5716 proiecti,
1558 5646 1730 5703 communis
1748 5662 1813 5720 pro·
