3720 6014
88 178 145 236 489
522 176 697 235 chuonrat.
719 211 749 221 -
770 180 961 238 lucrantem
983 180 1125 238 ROBEth
1145 181 1186 237 ot:
1207 180 1328 239 MONTE.
1709 184 1762 241 too

163 318 344 363 romanorun.
419 320 592 362 rainconuu.
676 323 828 365 auuaoauu.
912 311 1046 381 Arensis
1062 319 1090 366 et
1108 311 1163 366 dux
1191 311 1402 382 Aquitanorum,
1423 315 1621 384 mortuopatre
1634 313 1762 386 predicte

88 413 140 454 cus
152 395 367 469 reallnglorum,
383 400 410 449 et
420 394 592 450 llaimuudus
603 411 697 452 comes
711 398 899 455 Barcinonen-
952 400 1054 472 puelle,
1076 417 1138 456 cum
1155 401 1310 456 hereditate
1325 398 1448 472 propria,
1463 400 1569 457 scilicet
1581 400 1650 457 urbo
1664 402 1763 461 ‘lolosa

87 486 129 542 sis
142 484 215 557 apud
230 490 349 541 castrum
374 482 494 538 Blaviam
523 485 593 554 (6303
614 485 747 541 amiciciae
762 486 841 542 ledus
854 487 899 543 da·
950 499 976 546 et
989 493 1122 548 ronritatu
1136 493 1283 559 tolosano,
1299 492 1376 547 duxit
1402 509 1516 548 uxorem
1532 509 1540 561 3
1556 509 1589 548 er
1603 510 1659 566 qua
1666 493 1764 569 genuit

86 577 125 633 tis
138 575 322 633 sacramentis
337 576 389 630 hoc
416 581 496 646 pacto
525 576 657 643 inierunt,
678 578 752 649 quod
767 578 900 634 tticardus
950 580 1024 635 idem
1036 581 1201 637 tluillermus
1217 580 1303 637 tilium
1330 581 1509 636 Guillcrmum
1534 583 1656 651 nomine,
1673 585 1722 656 qui
1736 584 1762 641 ei

89 669 166 726 lilius
177 667 345 741 regisfiliam
359 668 468 724 comitis
479 675 604 740 tempore
617 678 755 742 oportuno
768 672 901 727 essctdu-
950 677 1094 743 strccessit,
1111 677 1157 748 qui
1174 684 1250 748 pater
1262 676 1313 732 luit
1328 676 1543 751 lllieuorregiue
1558 676 1720 753 llnglorum.
1734 674 1765 731 Si

89 771 197 832 cturus,
212 769 239 819 et
253 751 439 818 rex'ducatum
452 763 596 834 dqtritnnie
611 763 666 819 illis
681 766 784 821 exactis
795 767 901 837 nuptiis
951 768 1014 839 quis
1024 776 1112 823 atatem
1139 771 1263 842 requirit,
1294 771 1434 842 quomodo
1457 777 1552 842 postea
1568 787 1661 827 comes
1673 759 1765 829 Saucti

88 868 284 910 concessurus.
302 851 445 922 Sitpridem
463 851 507 905 hie
522 851 692 907 ltaimundus
712 861 753 908 est
773 855 846 925 (631)
861 857 902 910 uir
952 858 1039 929 Epidii
1057 860 1151 914 halmit
1167 860 1304 915 ciuitatem
1313 861 1450 930 Tolosam,
1466 862 1585 930 noverit,
1605 863 1680 935 quod
1694 880 1760 936 pre-

91 955 244 1022 prepotens
258 954 285 1002 et
300 947 389 1012 dives,
412 955 507 1017 utpote
521 947 567 1018 qui
592 965 706 1022 reguum
731 951 901 1024 drragooum
953 950 1042 1004 dictus
1064 951 1221 1006 ll'illermus
1237 969 1329 1007 comes
1345 952 1514 1008 Pictavcnsis
1534 953 1684 1010 invadiavit
1695 971 1763 1010 ean·

92 1042 195 1097 lrabeat
209 1058 242 1096 ex
258 1040 546 1114 hereditatecoujugis
558 1057 624 1106 suae,
642 1057 673 1096 cx
689 1051 901 1114 paternaautem
951 1039 1013 1093 dem
1029 1039 1167 1095 civitatem
1188 1040 1342 1096 ltaimundo
1365 1041 1458 1096 comiti
1478 1041 1571 1097 Sancti
1596 1041 1695 1115 Egidii,
1710 1061 1762 1115 pa·

92 1136 248 1192 hereditate
264 1134 424 1191 comitatum
443 1135 561 1191 civitatis
581 1136 743 1193 Barcinonc.
772 1137 805 1193 Ut
829 1139 902 1193 euim
953 1139 1013 1188 truo
1044 1132 1135 1187 uxoris
1163 1145 1223 1197 sue,
1256 1136 1369 1201 propter
1391 1132 1549 1200 pecuniam,
1578 1148 1660 1204 quam
1688 1132 1761 1189 idem

91 1224 294 1297 aliquantulum
322 1224 354 1279 ad
385 1230 522 1280 transacta
549 1225 832 1283 redcatnus:Santio
856 1243 903 1282 rex
952 1231 1119 1287 Guillermus
1152 1227 1180 1280 iu
1208 1223 1387 1296 expeditione
1415 1224 1761 1299 lerosolimitanaexpeu·

91 1319 262 1391 Amagouum
279 1316 375 1390 genuit
388 1323 444 1371 tres
463 1314 546 1384 filios,
561 1318 608 1388 qui
625 1318 676 1373 sihi
696 1318 819 1374 vicissim
836 1336 903 1377 suc·
953 1321 994 1375 dit
1007 1318 1098 1388 (633t3
1119 1317 1194 1372 uude
1217 1314 1289 1370 idem
1308 1314 1477 1369 llaimundus
1492 1314 1521 1368 in
1552 1314 1624 1371 libro
1639 1315 1762 1386 ejusdem

91 1412 249 1473 cesserunt,
264 1405 435 1472 Santionem,
464 1406 630 1473 Antonium,
648 1406 813 1464 ltemelium.
829 1410 905 1466 huo·
954 1408 1141 1483 expeditionis
1154 1421 1228 1462 nunc
1245 1421 1339 1461 comes
1352 1404 1443 1460 Sancti
1464 1404 1566 1477 Egidii,
1582 1422 1656 1462 nnnc
1670 1422 1764 1464 comes

94 1500 147 1554 bus
161 1514 227 1556 tero
244 1499 434 1575 primogenitis
449 1500 501 1555 sibi
518 1500 636 1557 invicem
652 1502 905 1561 succedentibuset
953 1497 1105 1554 TOlosanus
1120 1503 1243 1553 locatur·
1261 1495 1319 1559 Quo
1351 1501 1461 1550 mortuo
1483 1495 1579 1551 habuit
1590 1497 1706 1553 eandem
1722 1513 1765 1552 ur·

93 1590 202 1662 absque
214 1590 279 1646 filiis
294 1590 506 1660 decedentibus,
536 1609 571 1647 ne
598 1610 713 1667 regnum
731 1593 904 1652 illudahcx-
955 1590 1019 1646 bem
1035 1589 1177 1646 anforsius
1193 1587 1266 1643 silius
1281 1588 1352 1659 ejus,
1369 1587 1416 1658 qui
1433 1588 1671 1658 apudlerusalem
1688 1605 1765 1646 mor-

93 1683 201 1739 traneis
231 1690 424 1754 occuparetur,
447 1684 600 1740 ltemelium
628 1686 794 1742 monachum
821 1657 1018 1746 etjamsstuus
1046 1684 1086 1733 est
1102 1678 1200 1733 eodem
1227 1688 1432 1749 tempore‚quo
1449 1677 1663 1735 ludovicusrcx
1679 1679 1766 1736 Fran·

91 1772 150 1842 jam
169 1771 533 1839 senem,licentiallomaui
553 1772 903 1845 pontificisamonasteric
955 1771 1150 1847 corumgratia
1181 1771 1316 1827 orationis
1342 1771 1408 1826 illuc
1432 1780 1601 1843 perrexerat.
1635 1773 1767 1830 Similiter

94 1859 262 1917 abstractum
278 1876 371 1936 regem
383 1861 523 1929 lecemnt;
540 1869 568 1918 et
583 1870 612 1918 ut
628 1863 758 1919 heredem
776 1862 902 1930 haberet,
955 1863 1037 1919 ctiam
1055 1861 1224 1916 ltaimundus
1251 1860 1323 1915 lilius
1347 1861 1419 1930 eJus,
1446 1861 1492 1933 qui
1515 1863 1539 1916 ei
1557 1863 1701 1931 successit,
1716 1865 1763 1936 qui

94 1950 254 2008 llathildem
275 1958 390 2007 matrem
405 1952 538 2009 Willermi
563 1952 734 2009 vicecomitis
748 1953 844 2008 loarci
864 1953 902 2007 illi
955 1953 1232 2029 hahuitinconjugio
1261 1952 1459 2020 Constantiam,
1486 1969 1609 2009 sororem
1634 1954 1764 2011 Ludovici

96 2044 312 2112 associaverunt,
342 2060 375 2100 ex
403 2062 457 2116 qua
478 2046 576 2120 genuit
602 2063 684 2102 unam
711 2045 806 2114 stliam,
820 2062 903 2118 quam
956 2040 1074 2113 predicti
1088 2041 1162 2115 regis
1176 2040 1488 2096 Francorumrclictam
1504 2040 1610 2096 scilicet
1625 2041 1765 2099 Eustachii

95 2131 269 2189 llaimuudus
285 2133 426 2204 predictus
443 2150 537 2191 comes
560 2135 638 2191 duxit
654 2136 704 2203 ;de
718 2153 771 2208 qua
787 2144 850 2191 nata
864 2146 906 2191 est
955 2134 1076 2201 comitis,
1095 2132 1144 2188 filii
1160 2133 1294 2205 Stephani
1321 2132 1394 2207 regis
1419 2133 1580 2208 lluglorum.
1610 2133 1666 2190 lter
1679 2134 1766 2210 igitur

95 2221 149 2277 ista
163 2222 266 2293 puella,
282 2239 363 2294 quam
379 2222 436 2279 lilio
452 2225 525 2298 regis
536 2224 657 2280 diximus
672 2225 867 2295 copulandam,
878 2232 905 2280 et
956 2225 1089 2282 llenrirus
1105 2225 1194 2281 iturus
1207 2225 1235 2279 iu
1251 2224 1458 2295 expeditionem
1481 2225 1643 2297 predictam,
1655 2233 1683 2282 et
1695 2241 1763 2282 con·

95 2313 170 2371 filius
185 2315 245 2385 ejus
259 2315 459 2390 primogenitus
471 2319 642 2393 arragonum
658 2334 705 2372 rex
720 2317 839 2372 tuturus.
861 2317 905 2372 Si·
955 2317 1081 2373 siderans
1095 2317 1297 2392 longitudinem
1323 2322 1350 2370 et
1375 2315 1566 2372 difficultatem
1592 2315 1647 2385 vio,
1664 2316 1763 2372 nolens

95 2404 209 2478 quidem
224 2404 285 2476 ipsc
297 2421 401 2474 comcs,
421 2407 547 2477 quamvis
562 2407 674 2461 haberet
692 2422 808 2479 reguum
825 2408 904 2462 hrra·
954 2423 1053 2461 vexare
1064 2405 1196 2478 agriarics
1207 2406 1321 2472 milites,
1334 2405 1570 2478 nccburgensium
1584 2421 1636 2461 nec
1649 2406 1765 2463 rustico·

95 2509 211 2568 genum,
231 2502 259 2549 et
273 2502 369 2566 posset
384 2511 430 2549 rex
445 2493 504 2549 steri
519 2495 541 2548 si
554 2495 649 2561 vellet,
664 2494 776 2550 omuino
792 2511 903 2550 recusa·
956 2496 1245 2563 rummultitudinem,
1266 2495 1384 2565 sumptis
1397 2495 1432 2549 66
1444 2495 1541 2550 solidis
1554 2495 1764 2569 ludegavensi·

94 2586 145 2654 vit,
157 2602 273 2661 regnum
285 2602 428 2642 reservans
438 2585 496 2642 salio
512 2602 573 2654 suo,
584 2587 657 2659 quod
674 2586 817 2642 accidebat
832 2587 857 2642 ei
870 2603 903 2641 cx
954 2588 1007 2643 bus
1019 2590 1044 2643 in
1055 2589 1220 2645 Normaunia
1236 2587 1271 2642 de
1286 2586 1368 2642 leudo
1382 2587 1602 2659 uniuscujusque
1626 2585 1722 2651 lorice,
1737 2593 1766 2645 ct

96 2682 225 2731 materna
242 2677 417 2751 genealogia.
435 2677 674 2742 Hocctiamanu0‚
686 2677 756 2732 sicut
770 2685 799 2732 et
812 2693 905 2747 prece·
955 2678 989 2732 de
1004 2677 1117 2750 reliquis
1132 2677 1261 2733 omnihus
1277 2683 1329 2730 tam
1341 2676 1375 2739 ,in
1386 2675 1555 2731 Ncrmauuia
1569 2692 1652 2748 quam
1667 2675 1696 2731 in
1709 2677 1765 2732 iln-

94 2765 184 2835 denti,
200 2767 363 2823 l'redericus
376 2769 726 2838 imprecatorhlemanorum
741 2770 837 2826 urhem
852 2770 905 2825 lle·
954 2770 1009 2845 glia
1024 2771 1080 2825 sive
1100 2769 1183 2824 etiam
1197 2770 1258 2824 aliis
1271 2768 1351 2823 terris
1371 2768 1439 2833 suis,
1460 2769 1612 2824 secundum
1624 2768 1676 2826 hoc
1689 2770 1764 2842 quod

95 2856 903 2929 diotaneusemobsidet,quiarebellaverantadversuseum
954 2860 979 2914 ei
995 2859 1083 2915 risum
1101 2858 1161 2921 luit,
1174 2859 1307 2930 capitales
1319 2857 1439 2913 barones
1453 2872 1518 2912 suos
1535 2872 1597 2912 cum
1613 2855 1710 2927 paucis
1719 2871 1765 2912 sc·

96 2951 902 3023 idemldediolauensesPapicctl‘lacentieturrcsdcjecit,
954 2948 1117 3014 cumduxit‚
1150 2948 1296 3002 solidarios
1322 2961 1388 3002 vero
1417 2945 1520 3001 milites
1535 2944 1706 3001 innumeros.
1723 2944 1763 3000 ad

96 3051 125 3100 ct
144 3042 202 3099 lere
214 3043 901 3117 omnemLungohardiamadtihitnmsiliisuhjocit,
918 3015 1029 3095 Cillam
1048 3054 1112 3094 vero
1130 3037 1334 3109 expeditionem
1350 3052 1411 3091 cum
1445 3035 1559 3108 reliquis
1572 3034 1766 3091 transmarinis

131 3134 270 3192 llediante
293 3142 384 3191 autem
410 3137 620 3208 quadragesima
640 3154 686 3193 rex
702 3138 768 3194 lecit
781 3155 904 3195 sunimo-
954 3132 1029 3186 venit
1045 3131 1181 3186 hlacomus
1196 3146 1242 3184 rex
1254 3129 1355 3193 Scotie,
1372 3136 1400 3184 et
1415 3143 1509 3199 aroge
1525 3127 1641 3183 henrico
1654 3127 1765 3204 cingulo

98 3228 155 3284 veri
170 3227 321 3285 exercitum
336 3227 421 3283 totius
436 3229 614 3293 Normannig
632 3229 739 3305 Angue,
747 3231 903 3303 Aquitania,
955 3218 1051 3274 militie
1066 3219 1168 3273 ibidem
1181 3217 1321 3273 accinctus
1333 3225 1386 3272 est.
1403 3217 1514 3272 duravit
1527 3215 1766 3289 autemexpeditio

97 3328 124 3376 ct
139 3326 294 3376 ceterarum
322 3320 538 3391 provinciarum,
560 3321 809 3393 quesibisubditc
829 3329 904 3389 sunt,
955 3308 1070 3364 i¹l³f⁰f0
1085 3315 1203 3379 1611105
1218 3321 1341 3361 menses·
1372 3305 1402 3358 Εῑ
1422 3304 1767 3376 (1116611ῑὸ1011101111ους

96 3408 162 3483 quia
174 3407 348 3465 Raimundus
366 3425 460 3465 comes
484 3409 576 3465 Sancti
591 3410 678 3486 Egidii
700 3410 786 3465 nollet
800 3411 824 3465 ei
843 3410 905 3466 rod·
955 3398 1183 3471 cepisselusbssffl
1199 3396 1324 3463 &durch
1337 3396 1533 3466 etmajorpars
1552 3395 1670 3451 ducatus
1684 3395 1766 3452 T010·

96 3496 163 3554 dere
178 3495 317 3553 civitatem
331 3497 441 3565 Tolose,
458 3514 540 3570 quam
551 3515 598 3554 rex
614 3497 906 3570 requirebatsicuthe-
955 3492 1014 3548 sani
1026 3490 1077 3545 sihi
1094 3496 1166 3544 esset
1179 3488 1288 3543 subdita
1302 3488 1327 3540 vi
1355 3487 1396 3542 vel
1415 3488 1524 3554 timore,
1545 3487 1643 3542 urbem
1669 3496 1763 3545 tamen

95 3583 416 3641 feditatemuxorissue
435 3585 828 3660 Alienorregtne,stqutdem
846 3586 904 3644 po.
954 3577 1079 3632 Tolosam
1104 3576 1193 3632 uoluit
1216 3575 1355 3640 obsidere,
1384 3574 1513 3631 deterens
1532 3576 1672 3633 ludovico
1704 3577 1763 3653 regi

92 3675 192 3733 bertus
216 3691 311 3733 comes
337 3677 487 3742 llcritouii,
520 3679 644 3734 uterinus
668 3678 904 3734 lratchillermi
955 3667 1192 3738 Frssss00lssmittui
1221 3665 1450 3721 eandeffilffbssm
1470 3667 1765 3743 ὓθῐῑῑΐᾶΐθὲθῐῐὶῦθη·

94 3765 182 3838 regis,
201 3767 249 3839 qui
263 3782 379 3840 reguum
410 3766 506 3841 Anglie
521 3768 688 3840 subjugavit,
705 3768 803 3824 habuit
818 3786 905 3825 unum
955 3760 1042 3816 ricum
1057 3760 1155 3832 anglie
1166 3759 1331 3827 muniverat,
1341 3765 1370 3814 et
1382 3757 1427 3813 dic
1442 3774 1474 3814 ac
1488 3766 1568 3815 nocte
1582 3760 1680 3817 volens
1696 3763 1767 3818 ferre

97 3852 186 3911 lilium
198 3854 388 3922 Guillermum,
417 3855 465 3928 qui
491 3856 516 3912 ei
526 3857 670 3924 successit,
690 3865 717 3913 et
727 3858 800 3930 apud
816 3860 906 3915 Tene·
956 3852 1088 3909 auxilium
1100 3850 1255 3907 llaimundo
1282 3851 1389 3907 sororio
1404 3866 1456 3908 suo
1479 3852 1653 3910 custodiebat
1673 3856 1768 3923 ;unde

98 3945 212 4003 chebrai
226 3962 243 4002 a
256 3962 321 4022 rege
335 3946 482 4021 tlnglcrum
492 3948 581 4018 primo
597 3949 713 4006 llenrico
730 3950 759 4004 in
774 3950 849 4007 hello
861 3968 907 4007 ca·
956 3964 1054 4024 grares
1069 3947 1223 4003 inimicitiae
1252 3947 1327 4002 inter
1346 3948 1436 4021 ipsum
1462 3954 1490 4002 et
1504 3964 1597 4021 regem
1618 3949 1767 4025 alogiorum

101 4038 164 4102 ptus
172 4041 217 4090 est
232 4052 241 4102 3
256 4042 286 4091 et
296 4043 352 4090 tres
366 4034 448 4103 litias,
462 4053 577 4109 quarum
589 4054 671 4094 unam
688 4040 762 4095 duxit
782 4042 906 4099 Andreas
956 4051 1015 4099 orte
1030 4049 1105 4109 sunt,
1120 4059 1183 4098 curn
1197 4042 1304 4099 uideret
1316 4041 1370 4097 sibi
1380 4058 1473 4116 regem
1489 4043 1601 4100 Francia
1614 4047 1769 4113 nocere,de

100 4125 136 4181 de
149 4126 265 4195 vitreio,
288 4126 370 4183 altam
395 4129 482 4185 Guido
508 4130 542 4185 de
563 4131 652 4200 laval,
685 4133 796 4189 terciam
812 4151 906 4192 comes
958 4133 1037 4201 cujus
1051 4130 1153 4187 auxilio
1178 4131 1328 4203 plurimum
1357 4132 1525 4189 confidebat.
1546 4131 1770 4204 llemisitituque

98 4215 253 4273 tolosanus
276 4217 358 4286 (6321.
388 4218 471 4275 lrater
498 4219 644 4275 haimundi
676 4222 784 4278 comitis
817 4225 907 4282 Sancti
959 4243 1006 4282 rex
1022 4226 1155 4281 llcnricus
1181 4225 1310 4281 comitem
1336 4225 1517 4288 Tcobaldum,
1537 4225 1584 4296 qui
1605 4224 1768 4281 eilavebat.

101 4304 202 4381 egidii,
217 4305 265 4378 qui
287 4307 315 4361 in
328 4307 504 4378 expeditione
519 4308 733 4365 ierosolimitana
746 4312 862 4368 viriliter
876 4330 907 4369 se
957 4322 987 4369 ut
1005 4312 1171 4385 inquietaret
1183 4329 1297 4384 reguum
1314 4312 1500 4369 Francie.Sod
1519 4311 1771 4384 lleuricusepisco·

100 4393 208 4452 habuit.
223 4395 323 4450 Genuit
336 4403 427 4451 autem
454 4411 487 4450 ex
502 4412 535 4451 ea
550 4412 647 4452 comcs
658 4399 810 4456 tolosanus
824 4372 945 4458 unamD
959 4422 1010 4478 pus
1024 4404 1209 4466 Belvacensis,
1226 4410 1254 4459 et
1269 4418 1363 4458 comes
1378 4403 1515 4459 hobertus
1526 4402 1656 4459 dominus
1670 4404 1772 4460 llorca·

100 4483 275 4542 solummodo
304 4483 399 4551 liliam,
423 4501 506 4556 quam
530 4484 694 4544 Guillcrmus
714 4491 908 4547 comesPicta·
959 4493 1012 4547 sini
1034 4496 1127 4564 castri,
1144 4495 1242 4551 iratres
1261 4496 1334 4571 regis
1349 4495 1525 4564 Francorum,
1554 4496 1580 4551 ei
1597 4496 1770 4567 restiterunt,

772 4589 883 4645 l'dlllAE
902 4590 1092 4649 tuttlotrs.

103 4701 184 4741 mens
202 4684 318 4768 depuis,
335 4701 396 4740 cum
412 4700 464 4767 suo
479 4686 600 4767 exercitu
617 4686 682 4743 illuc
702 4704 790 4760 usque
807 4691 977 4763 properavit.
996 4695 1103 4750 interea
1128 4694 1208 4748 malis
1234 4696 1261 4750 iu
1278 4702 1350 4752 terra
1364 4694 1565 4767 multiplicatis,
1583 4695 1657 4753 circa
1671 4695 1769 4754 testum

103 4757 130 4810 S.
146 4756 255 4812 llarttm
276 4772 369 4813 comes
386 4756 560 4813 Shrorceusts
573 4759 667 4814 omnia
678 4760 789 4816 castella
806 4778 857 4816 sua
875 4779 941 4844 quoe
961 4773 1038 4820 erant
1056 4767 1082 4819 in
1108 4765 1232 4832 Francia,
1249 4784 1277 4821 re
1288 4769 1306 4821 ri
1321 4768 1468 4842 luglorttm
1483 4766 1606 4835 tradidit,
1623 4767 1770 4840 inquibus

103 4844 149 4884 rex
165 4827 297 4884 custodes
312 4829 492 4910 suos'posuit,
503 4830 675 4885 sicutSimou
692 4832 726 4886 dc
742 4837 829 4889 aucto
845 4834 918 4889 l'ectt.
934 4834 1064 4891 Silvester
1077 4835 1163 4889 abbas
1191 4785 1365 4893 (lasteliionis
1381 4847 1446 4895 tunc
1467 4839 1600 4911 temporis
1614 4839 1770 4914 migrante

103 4900 210 4966 seculo,
227 4907 254 4955 et
265 4907 398 4981 successit
412 4917 438 4955 et
463 4900 628 4955 tnttehertus
653 4902 829 4960 Ebroicensis
852 4908 1017 4962 monachus.
1034 4908 1159 4962 Adventu
1170 4907 1281 4963 iuterim
1302 4908 1410 4964 homini
1426 4911 1643 4983 propinquante,
1655 4910 1769 4966 ohtentu

104 4984 267 5045 magnorum
282 4986 401 5054 utrorum
418 4973 524 5052 patriae,
540 4972 620 5052 amho
636 4989 716 5047 reges
726 4975 852 5032 inducias
875 4988 1043 5050 acceperuut
1069 4978 1204 5049 usquead
1221 4987 1331 5036 octavas
1347 4988 1530 5050 pentecostes.
1549 4981 1692 5039 [lominica
1705 4986 1769 5036 aute

104 5043 197 5098 natale
215 5042 507 5115 llomrm,Froger1us,
522 5043 734 5101 archidiaconus
747 5048 996 5120 etelemosynarius
1012 5050 1084 5122 regis
1097 5048 1257 5118 anglorum,
1274 5051 1418 5107 ordinatus
1433 5060 1475 5108 est
1491 5053 1640 5125 episcopus
1651 5051 1770 5127 Sogion-

104 5113 150 5169 sis.
169 5113 227 5169 lloc
238 5128 321 5180 anuo,
336 5112 517 5169 inundatione
528 5115 761 5189 pluviarumque
774 5133 791 5172 a
805 5119 874 5177 testo
893 5122 921 5176 S.
936 5121 1052 5178 loannis
1066 5121 1194 5190 Baptistae
1207 5138 1294 5194 usque
1325 5122 1359 5177 ad
1373 5122 1472 5179 testum
1488 5121 1515 5180 S.
1530 5122 1682 5188 llichaclis,
1697 5136 1771 5193 poue

105 5183 357 5268 assiduanlactaest.
369 5184 498 5257 Sequana
512 5195 539 5240 et
562 5186 622 5242 atie
635 5203 714 5259 aquae
733 5189 826 5246 alveos
840 5192 912 5247 ultra
936 5194 1048 5248 modum
1064 5193 1241 5262 excedentes,
1255 5210 1387 5266 magnum
1404 5195 1536 5252 damnum
1548 5194 1625 5270 genti
1644 5193 1769 5250 circum·

106 5262 202 5326 positae
218 5256 384 5313 intulerunt.

870 5332 967 5392 ltoTAE
979 5375 986 5391 .

140 5397 212 5542 phillip
234 5398 327 5471 Blaye,
341 5398 377 5453 ad
390 5397 566 5455 Garumnam.
1001 5404 1072 5479 (633)
1098 5406 1205 5462 Falsum
1221 5425 1228 5475 ;
1245 5407 1416 5465 haimuudus
1429 5408 1569 5481 animiam
1580 5407 1775 5480 quinquennio

148 5470 201 5528 631
241 5469 297 5526 lloc
322 5469 456 5552 scriptum
482 5485 546 5527 csse
581 5479 690 5543 oportet
717 5471 827 5529 virente
853 5474 917 5555 llat-
972 5478 1045 5533 inter
1055 5478 1262 5553 crucesignatos
1284 5481 1522 5554 peregrinabatur,
1533 5494 1597 5536 cum
1612 5479 1777 5538 Guillelmus

106 5541 222 5686 meppealpj.
239 5548 434 5670 ppppaeppppper
446 5540 517 5598 mira
536 5558 561 5598 a.
589 5543 660 5598 tttt
674 5552 813 5601 mortuum
835 5546 911 5605 dtcit.
969 5548 1069 5606 attor
1087 5549 1295 5608 inPalaestinam
1313 5552 1515 5623 prolectusest.
1526 5548 1624 5617 uodo.

288 5714 439 5786 Phanou.
464 5715 562 5784 clx.
1532 5727 1582 5796 ts
