3720 6014
105 232 159 292 495
710 237 881 293 stddttxltlt
906 238 1165 295 uudxtaecttsm.
1249 315 1255 326 '
1715 238 1770 296 496

179 377 356 420 aoxxxenurt.
440 377 611 420 raxxcoxuu.
683 381 838 423 saoconna.
924 367 1155 439 ,achiepiscopus
1177 364 1382 421 Cantuarieusis
1408 366 1454 422 ⁶²¹.
1484 364 1617 421 liedulfus
1631 364 1667 421 de
1683 364 1771 423 'loene

109 469 160 526 pus
205 450 381 507 Belvaceusis
414 453 559 509 suecessit.'
600 448 808 511 Bartholomeus
847 471 912 512 vero
963 454 1324 525 moritur,relictoparvulo
1343 453 1400 509 filio
1426 470 1459 509 ex
1478 453 1535 509 filia
1558 453 1771 511 llobertieomi-

108 544 320 603 archidiaconus
357 543 502 601 deniensis
549 546 636 604 lactus
680 556 722 605 est
766 549 914 621 episcopus
963 545 999 599 tis
1013 541 1177 599 leecestrie.
1205 542 1299 597 lllcuse
1326 541 1399 597 lulio
1428 544 1460 595 tn
1476 541 1629 610 ,Britannia
1657 541 1772 611 minori,

107 635 284 693 Belvaeensis
302 634 346 689 ⁶²⁰.
374 635 465 691 Prima
486 637 627 695 dominica
643 640 852 713 quadragesim
866 655 913 695 rex
963 636 1069 692 scilicet
1082 635 1110 689 iu
1137 634 1253 701 lletello,
1281 634 1394 707 sanguis
1409 633 1525 705 pluit,et
1539 634 1574 688 de
1592 633 1660 705 ripis
1674 635 1772 705 cujus-

104 726 239 783 llenrieus
262 728 422 803 aggregavit
449 729 607 802 episcopos,
640 731 764 798 abbates,
795 732 914 788 barones
964 729 1026 784 dam
1043 726 1127 783 fontis
1138 726 1242 781 ibidem
1259 725 1374 794 eltluxit,
1397 741 1448 781 nee
1467 741 1523 781 non
1538 725 1622 781 ctiam
1636 725 1671 780 de
1688 741 1770 796 pauc.

106 821 196 876 tocius
211 821 378 875 Normannie
403 821 477 892 apud
502 822 716 898 Rotlromagum,
728 831 755 878 et
774 824 914 895 qraerinro-
964 817 1064 872 Eodem
1081 831 1174 870 mense
1188 815 1329 870 lohannes
1343 815 1378 869 de
1402 815 1451 869 llol
1470 821 1595 870 mortuus
1616 820 1668 882 est,
1684 822 1712 870 et
1727 815 1771 870 di·

106 912 179 968 niam
203 910 307 965 faciens
331 909 364 963 de
388 909 528 981 episeopis
554 919 582 966 et
605 928 700 967 eorum
727 912 859 966 ministris
887 901 915 964 cl
965 910 1150 964 rnisitterram
1176 905 1300 961 ettiliam
1323 923 1399 960 suam
1420 907 1448 960 in
1463 908 1635 977 protectione
1663 906 1770 962 lladulfr

106 999 315 1056 vicecomitibus
340 999 407 1058 suis.
435 999 518 1070 jussit
539 1008 567 1054 ut
582 1001 728 1056 concilium
753 1002 824 1056 lulie
839 1001 912 1054 Bone
963 998 1158 1074 deFulgeriis.
1177 997 1233 1052 Sed
1259 1014 1305 1051 rex
1336 997 1484 1072 anglorum
1496 999 1603 1069 accepit
1617 1008 1719 1054 turrem
1734 999 1770 1055 ele

108 1099 259 1148 teneretur.
280 1090 352 1146 lulia
378 1091 452 1146 llona
478 1074 511 1146 io'
527 1091 662 1148 caletensi
682 1108 752 1167 pago
773 1093 849 1161 juxta
862 1093 912 1147 Se-
962 1106 1044 1144 manu
1067 1089 1127 1158 ejus
1147 1088 1189 1140 ⁶²³.
1208 1086 1373 1142 Guillermus
1398 1103 1444 1141 rex
1473 1087 1564 1142 Sicilie
1582 1089 1719 1143 transiens
1734 1089 1771 1145 dc

106 1200 225 1257 quanam
241 1190 292 1248 est,
308 1184 390 1239 sedes
406 1185 522 1258 regias
555 1185 676 1240 dominis
690 1185 908 1241 Normanuorum
960 1179 1095 1234 Siciliain
1122 1177 1246 1249 ¹lpuliam
1276 1194 1337 1233 curn
1366 1193 1465 1250 magno
1485 1177 1619 1242 exercitu,
1650 1178 1771 1237 lieberto

103 1271 219 1343 multum
239 1277 328 1327 amata
350 1281 377 1326 et
401 1271 583 1342 frequentata.
614 1275 689 1328 lianc
717 1273 806 1328 lulius
818 1273 909 1339 Cesar,
960 1268 995 1323 de
1009 1266 1162 1322 basenvilla
1189 1265 1283 1340 fugato
1311 1283 1372 1322 cunr
1406 1268 1589 1339 complicibus
1608 1269 1770 1338 tsuis,civi-

102 1378 135 1419 cx
146 1362 228 1433 cujus
242 1362 355 1418 nominc
370 1361 441 1415 Julia
469 1369 591 1428 vocatur,
615 1361 748 1427 condidit,
771 1363 909 1418 destructa
959 1365 1029 1415 tates
1048 1366 1076 1414 et
1094 1359 1216 1425 castella,
1231 1375 1315 1429 quea
1335 1376 1367 1413 se
1380 1359 1712 1432 deiecerantreeupcrat.
1724 1363 1771 1420 lo·

102 1456 171 1513 urbe
183 1455 287 1520 Caleto,
303 1471 336 1510 ex
351 1455 525 1524 cujusveteri
537 1456 672 1511 vocabulo
696 1462 752 1511 tota
764 1456 841 1529 regio
856 1457 907 1512 sita
960 1450 1066 1504 hauries
1081 1448 1268 1503 thesaurarius
1294 1448 1485 1517 Eboracensis,
1514 1451 1557 1505 vir
1585 1451 1727 1520 jocundus
1742 1461 1770 1510 et

101 1550 173 1606 inter
183 1550 337 1621 Sequanam
353 1554 381 1602 et
396 1563 472 1601 mare
496 1547 586 1603 adime
601 1555 723 1603 vocatur.
740 1548 845 1603 Primus
861 1548 907 1602 lli-
958 1543 1050 1617 largus
1064 1550 1092 1596 et
1110 1541 1236 1613 apprime
1255 1541 1400 1607 litteratus,
1412 1541 1443 1597 fil
1457 1543 1607 1615 episcopus
1621 1544 1768 1602 Piclat'en·

101 1643 201 1700 cardus
223 1641 278 1696 ,tux
307 1640 524 1696 Normannorum
555 1648 582 1697 er
607 1628 746 1697 mundus
775 1642 907 1698 aicardus
958 1635 1006 1690 sis.
1022 1634 1129 1690 Matheo
1143 1633 1274 1705 episcopo
1290 1634 1481 1709 andegavensi
1497 1635 1643 1705 defuneto,
1655 1653 1769 1694 sucees-

102 1729 176 1787 lilius
190 1730 260 1799 ejus,
277 1728 520 1799 apudliscannnm
535 1729 615 1784 levati
625 1730 659 1786 de
672 1731 785 1786 tumulis
797 1730 865 1796 suis,
879 1701 945 1784 inB
959 1726 995 1781 sit
1016 1725 1161 1781 Gaulridus
1181 1725 1331 1797 sagiensis,
1365 1726 1488 1782 decanus
1507 1727 1633 1797 ejusdem
1649 1730 1768 1787 ecclesie

103 1818 363 1895 quibusseperatim
387 1817 529 1887 jacebant,
550 1825 612 1890 post
636 1820 720 1876 altare
740 1827 836 1875 sancte
849 1819 908 1874 lri·

101 1909 195 1966 nitatis
214 1906 357 1965 honestius
376 1914 525 1978 [tonantur.
547 1908 614 1964 Huic
640 1908 813 1965 translationi
836 1910 908 1964 llen·

101 1998 175 2055 ricus
195 2014 242 2053 rex
264 1996 412 2070 anglorum
443 1995 576 2066 interfuit,
594 2004 621 2052 et
631 1997 757 2070 episcopi
773 1999 907 2055 Norman·

102 2089 159 2157 nie,
173 2094 201 2144 et
215 2086 292 2143 dedit
302 2086 341 2141 illi
352 2087 468 2143 ecclesie
478 2087 573 2142 silvam
590 2089 624 2143 de
642 2088 732 2163 llogis.

136 2178 234 2234 Comes
260 2175 396 2232 liebertus
416 2175 450 2230 de
481 2176 634 2232 Basenvilla
648 2177 780 2234 adversus
797 2178 905 2234 Willer-

100 2281 176 2321 mum
199 2271 346 2340 cognatum
378 2280 457 2319 suum
485 2280 578 2338 regem
608 2265 702 2321 Sicilie
735 2265 852 2322 rebellat
878 2267 905 2322 in

99 2356 197 2426 Apulia
221 2373 229 2422 ;
251 2364 280 2410 ct
301 2354 395 2409 multis
424 2355 633 2423 coadjutoribus
664 2370 758 2411 secum
779 2355 906 2412 adunatis

99 2448 231 2515 maiorem
246 2453 352 2515 partem
376 2446 572 2500 maritimarum
588 2446 728 2501 civitatum
749 2446 802 2500 sibi
813 2447 905 2501 conei-

100 2535 184 2590 liavit.
200 2533 362 2589 Fredcricus
395 2533 544 2603 imperator
570 2535 784 2590 Alamannorum
810 2535 905 2589 urbem

100 2623 298 2688 Mediolanum,
316 2638 397 2694 quarn
420 2637 468 2692 per
488 2631 543 2677 tres
568 2639 656 2678 annos
680 2624 837 2689 obsederat,
853 2642 904 2678 ne-

99 2713 228 2771 cessitate
244 2713 323 2768 lamis
333 2712 461 2767 aillielam
478 2713 551 2783 capit
562 2723 589 2768 et
607 2714 724 2769 destruit
738 2717 832 2786 (dlcrt.
847 2716 903 2781 ad),

99 2807 243 2862 reservatis
256 2805 444 2861 tantummodo
474 2806 585 2861 matrice
614 2806 731 2861 eeclesia
751 2807 905 2878 etquibus-

99 2898 161 2954 darn
176 2899 246 2955 aliis.
281 2897 423 2952 Discordia
445 2897 645 2972 interregnum
676 2907 703 2953 et
715 2899 902 2954 sacerdocium

958 1822 986 1872 et
995 1815 1112 1871 clericus
1125 1814 1198 1891 regis
1213 1815 1364 1890 llnglorum
1374 1816 1419 1868 ⁶²⁸.

993 1907 1103 1977 Leupus
1118 1922 1164 1961 rex
1191 1905 1321 1961 l'alcncie
1349 1912 1378 1960 et
1392 1905 1504 1970 lluveie,
1533 1906 1597 1963 licet
1609 1908 1722 1980 gentilis
1740 1917 1770 1965 et

956 1992 1107 2068 llgarcnus,
1136 2009 1253 2049 munera
1271 1992 1395 2068 ingentia
1422 1994 1450 2048 in
1466 2011 1533 2052 auro
1552 2003 1579 2052 et
1591 1997 1683 2054 serico
1697 2005 1727 2054 et
1739 1998 1768 2054 ia

956 2080 1018 2137 aliis
1031 2082 1178 2154 speciebus
1192 2091 1219 2137 et
1243 2082 1270 2136 in
1287 2082 1367 2153 equis
1384 2088 1410 2138 el
1424 2084 1537 2139 camelis
1552 2085 1635 2141 mittit
1648 2085 1767 2142 ilenrico

957 2171 1014 2245 regi
1030 2171 1190 2243 auglorum,
1206 2170 1323 2245 grandia
1351 2178 1377 2226 et
1393 2172 1450 2242 ipse
1471 2173 1505 2227 ab
1521 2174 1619 2229 eodem
1637 2182 1768 2246 receptu·

956 2275 1012 2313 rus.
1028 2258 1199 2313 Raimundus
1226 2260 1408 2334 berengarius
1423 2276 1517 2316 comcs
1540 2261 1766 2332 barcinonensis,

955 2350 998 2406 vir
1025 2350 1153 2405 omnibus
1179 2349 1262 2406 bonis
1298 2352 1483 2426 plangendus,
1511 2354 1640 2421 naoritur,
1670 2355 1769 2412 relicto

956 2440 1014 2498 lilio
1025 2440 1161 2507 ,intersim
1175 2442 1223 2514 qui
1250 2442 1338 2498 lactus
1362 2451 1405 2499 est
1419 2462 1466 2499 rex
1488 2447 1656 2518 drragouum
1670 2465 1677 2514 ;
1693 2448 1769 2520 quod

956 2545 1070 2602 regnum
1085 2532 1110 2584 ei
1127 2530 1265 2586 acciderat
1278 2549 1311 2587 ex
1326 2540 1449 2589 materno
1465 2551 1578 2608 genere.
1604 2535 1622 2589 F
1626 2536 1769 2593 vedericus

955 2618 1166 2675 alemannorum
1188 2621 1338 2692 imperator
1358 2630 1385 2677 ct
1410 2624 1563 2679 badericus
1578 2641 1624 2680 vex
1646 2625 1768 2683 Franco-

956 2728 1026 2777 rum,
1043 2728 1104 2766 cum
1121 2727 1204 2782 snper
1219 2712 1330 2767 llus-inm
1348 2713 1497 2788 Saganam,
1524 2716 1597 2786 qnod
1612 2717 1768 2789 antiquitus

955 2804 1195 2868 drarvoeabatur,
1221 2804 1255 2859 de
1276 2822 1342 2875 liare
1371 2806 1510 2861 tractaturi
1538 2809 1687 2863 convenire
1716 2809 1770 2865 de·

956 2894 1083 2949 buisseot
1112 2896 1219 2965 (Sept),
1253 2904 1366 2967 vertente
1396 2905 1500 2953 mutato
1530 2899 1622 2955 animo
1653 2908 1770 2972 propter

98 2991 187 3046 adbuc
201 2991 368 3061 perdurante
388 2995 500 3062 propter
528 2991 628 3045 scisma
641 2990 792 3055 Octaviani,
821 3008 902 3063 quem
928 2986 1215 3063 „seisrnatletavianb
1228 2990 1307 3057 eujus
1323 2999 1414 3058 partes
1438 2990 1768 3063 irnpcratortadJ'uvabat,

98 3095 144 3134 rex
160 3079 365 3136 Romaunornm
379 3080 902 3148 Fredcricussceuminltaliababcbat,
916 3044 940 3108 (⁴
954 3077 1055 3133 inlecto
1077 3081 1188 3151 negotio
1200 3080 1233 3134 ad
1251 3082 1361 3152 propria
1391 3083 1541 3151 redierunt.
1560 3083 1664 3138 Exinde
1681 3100 1767 3155 parvo

96 3171 249 3226 Alexander
278 3185 349 3243 papa
389 3171 527 3226 llomanus
556 3172 700 3228 conlidens
726 3174 760 3227 dc
789 3174 904 3248 regibus
954 3172 1195 3244 spaciotemooris
1223 3174 1380 3243 interjecto,
1412 3176 1565 3233 ludovicus
1581 3193 1627 3233 rex
1647 3175 1771 3234 Franco·

98 3262 264 3319 Francorum
279 3263 417 3319 ludovico
433 3271 460 3319 et
486 3265 633 3340 anglorum
649 3266 777 3333 llcnrieo,
791 3267 838 3338 qui
855 3267 905 3320 de·
955 3279 1014 3317 rum
1029 3269 1056 3317 ct
1067 3264 1200 3319 llenricus
1214 3280 1259 3319 rex
1279 3267 1427 3340 auglorum
1449 3283 1533 3337 super
1557 3267 1675 3340 Ligerim
1691 3269 1766 3339 apud

96 3357 278 3423 votesemper
305 3353 454 3408 ltonranam
488 3355 746 3411 eeclesiamfovent
776 3365 904 3412 etvcne-
955 3351 1323 3422 Cociaeurnconvenientes,
1352 3358 1534 3412 Alexandrum
1546 3373 1645 3429 papam
1667 3358 1770 3415 aona-

97 3451 201 3513 rantur,
227 3445 261 3500 ad
286 3445 474 3503 cismontanos
496 3448 601 3503 marina
635 3449 813 3520 expeditione
834 3451 906 3506 circa
956 3457 1020 3495 num
1047 3442 1152 3497 l¹⁰¹¹0te
1180 3458 1303 3519 00ssgt¹10
1332 3453 1526 3517 susceperunt,
1551 3453 1579 3502 el
1603 3449 1648 3503 USl
1674 3449 1769 3506 ⁰ffi⁰l⁰

96 3537 199 3607 pascha
229 3537 315 3604 venit,
348 3545 374 3593 01
414 3540 488 3609 apud
534 3540 830 3612 mntempffifflltanum
878 3543 904 3597 jn
956 3531 1093 3599 stratoris,
1113 3532 1221 3602 pedites
1235 3533 1330 3588 dextra
1344 3535 1459 3607 levaque
1474 3536 1584 3593 frenum
1599 3539 1663 3611 equi
1677 3539 1769 3612 ipsius

96 3622 239 3681 Provincia
281 3627 373 3681 debita
416 3627 627 3684 honorificentia
662 3638 807 3702 susceptas
851 3639 904 3685 cst.
957 3628 1094 3690 ῑθῡθίῑῑθθ,
1124 3640 1187 3679 eum
1216 3641 1303 3696 usque
1330 3625 1364 3680 ad
1390 3638 1567 3698 Psepatalum
1594 3630 1766 3701 papilionem

96 3716 248 3774 lliclxardus
274 3720 309 3774 de
330 3720 442 3785 Revers,
478 3723 609 3777 dominus
629 3722 718 3777 insule
751 3724 845 3788 Vecte,
873 3723 900 3776 in
957 3715 1673 3794 perduxeram·QU0¹n⁰di³ssle21³00favessletttax
1694 3723 1769 3781 iulet

95 3808 192 3880 anglia
207 3808 331 3876 moritur,
356 3809 518 3881 relinquens
538 3810 902 3868 exfiliallainaldieomitis
951 3805 1090 3863 eosfirma
1120 3808 1244 3863 restituta
1272 3816 1324 3864 cst.
1355 3809 1509 3867 llicbardus
1529 3813 1680 3887 episeopus
1693 3814 1767 3873 Leu-

97 3895 234 3952 Cornubie
261 3897 404 3967 parvulum
448 3896 544 3964 filium,
575 3898 687 3954 nominc
724 3901 899 3955 balduinum.
951 3899 1203 3955 doninioritnrffl.
1235 3900 1368 3956 llenrieus
1395 3919 1441 3958 rex
1457 3904 1593 3960 ordinatis
1608 3912 1636 3960 et
1651 3921 1770 3979 compo-

90 3985 253 4056 -Stephuuus
276 3996 461 4061 cognomento
495 3989 655 4062 Burgensis,
689 3990 774 4045 abbas
809 3991 901 4047 Sancti
951 3986 1119 4055 altisimus,
1142 3997 1171 4044 ct
1195 3989 1316 4044 castellis
1341 3990 1768 4068 suisiollormanuia,dquita-

95 4072 236 4128 Michaelis
257 4073 292 4128 de
320 4072 398 4128 Clusa
421 4081 448 4129 et
483 4077 635 4131 monachus
655 4077 850 4148 cluniacensis,
872 4080 901 4136 lit
952 4078 1007 4146 nia,
1025 4080 1191 4155 andegavia,
1218 4088 1246 4136 ct
1275 4082 1402 4136 etiamid
1427 4083 1765 4152 Wasconia,iuadventu

95 4160 181 4216 abbas
196 4160 329 4230 Cluniaei,
353 4162 453 4219 abbate
481 4164 595 4238 lingone
618 4181 647 4220 sc
680 4167 839 4223 eonlereute
864 4170 898 4224 ad
954 4167 1059 4224 llomiui
1075 4169 1150 4224 venit
1170 4169 1383 4238 Barbclluvium,
1409 4172 1506 4227 velens
1521 4173 1543 4227 si
1559 4182 1654 4244 posset
1674 4181 1766 4232 traus-

95 4252 375 4324 partesimperatoris
399 4262 426 4310 et
453 4256 590 4312 Octaviani
618 4258 661 4316 ⁶²¹.
690 4257 797 4315 lllortuo
831 4261 898 4316 llar-
950 4259 1460 4330 fretareantenatalemllomiui;sed
1481 4267 1764 4338 venteprohibente,

95 4347 181 4404 duino
208 4347 418 4420 archiepiscopo
450 4350 638 4425 Burdigaleusi
659 4354 733 4425 apud
767 4346 1006 4428 Mentem-Degit
1021 4354 1137 4408 natalem
1153 4354 1261 4409 Domini
1276 4371 1337 4410 cum
1355 4356 1451 4431 regina
1467 4357 1578 4413 dlieuor
1590 4359 1665 4430 apud
1677 4359 1763 4416 Cesa-

94 4443 284 4512 pessutanum‚
299 4444 480 4501 domitricem
505 4447 533 4500 in
549 4446 625 4502 curta
645 4449 738 4503 domn}
754 4467 826 4521 papo
842 4467 903 4506 mo·
953 4443 1129 4516 risBurgum.
1143 4442 1252 4498 llanuel
1267 4443 1416 4514 imperator
1441 4445 1766 4520 constantinopolitanus

93 4541 211 4593 raretur.
235 4534 384 4606 episeopus
410 4535 584 4591 lactorensis
609 4537 682 4608 (cto)
710 4539 735 4593 ei
756 4542 901 4599 successit.
953 4540 1031 4595 duxit
1046 4541 1231 4596 Constantiam
1260 4540 1346 4598 liliam
1379 4544 1494 4600 secundi
1524 4547 1764 4605 Boamundiuxo·

93 4619 186 4689 Fame,
207 4626 372 4681 credulitate
394 4627 569 4692 cismontani,
600 4631 718 4685 maxime
747 4632 774 4685 in
792 4633 903 4703 Aquita·
954 4631 1482 4701 rem.EtBoamundustertius,irater
1512 4635 1636 4708 predicte
1657 4636 1763 4708 puelle,

93 4706 149 4776 nia,
179 4710 313 4780 laborant,
344 4714 491 4770 llaiualdus
518 4717 552 4772 de
577 4716 742 4774 Castellionc
770 4721 898 4792 princeps
953 4720 1247 4791 lactuscstprinceps,
1269 4720 1364 4777 vitrico
1389 4723 1481 4779 suein
1501 4722 1764 4794 captivitaterema·

91 4799 236 4856 Antiochia
251 4802 315 4857 dum
338 4803 447 4876 incapte
471 4809 498 4862 in
530 4818 627 4864 terram
654 4811 839 4883 :lgarcnorum
856 4814 899 4867 in·
949 4823 1032 4872 nente
1046 4815 1179 4871 llairraldo
1195 4817 1240 4870 ⁶²⁶.

91 4895 154 4955 trat,
170 4894 266 4950 multis
280 4911 392 4951 suorum
421 4899 519 4954 occisis
545 4902 587 4956 vel
608 4902 697 4972 captis
717 4902 835 4974 ipsemet
849 4922 897 4960 ca·
948 4906 1027 4963 1163.
1066 4906 1221 4960 Fredcricus
1242 4906 1283 4962 ld.
1323 4908 1473 4963 bardanicus
1501 4909 1545 4964 26.
1586 4909 1759 4967 Hearieusll.

90 4979 173 5049 pitur.
189 4983 307 5039 Thomas
326 4987 507 5043 cancellarius
534 4989 608 5063 regis
628 4988 777 5063 dnglorum
805 4991 836 5047 lit
850 5009 895 5048 ar·
984 4996 1076 5052 lleuse
1089 4997 1219 5054 ianuario
1235 5015 1281 5053 rex
1298 4999 1430 5054 llenricus
1445 4999 1571 5055 transivit
1582 5000 1610 5055 in
1621 5000 1761 5075 angliam,

760 5122 870 5178 lellAE
891 5124 1080 5183 exaltemus,

107 5214 163 5263 ,⁸²⁰
174 5217 222 5270 llic
234 5217 264 5270 t‘n
283 5216 424 5286 deumne
438 5219 574 5274 desiccata
586 5235 681 5275 marica
696 5222 818 5279 totitem
832 5230 928 5281 mittut.
944 5230 1038 5283 Restat
1062 5233 1154 5283 tamen
1191 5229 1292 5286 eudon.
1324 5230 1357 5265 ⁰¹¹
1380 5229 1535 5286 lticlrardus
1561 5263 1593 5272 -·
1617 5231 1760 5290 Octaviani

88 5285 182 5340 desunt
197 5287 242 5341 8b.
255 5287 302 5343 8b.
324 5288 359 5322 ⁶²¹
371 5290 490 5344 Thomas
504 5320 538 5329 —
551 5292 628 5346 Cant.
655 5293 870 5350 mauritanea.
901 5297 935 5333 ⁸²³
949 5297 1051 5353 Eodem
1078 5329 1112 5340 -
1140 5299 1201 5368 ejus
1221 5302 1314 5357 desunt
1333 5301 1379 5355 8b.
1394 5302 1440 5356 8b.
1467 5302 1500 5337 ⁸¹⁸
1528 5303 1672 5360 lohannes
1697 5307 1758 5360 dn·

87 5355 205 5427 glorum.
217 5360 314 5440 desum
332 5359 421 5414 abab
446 5361 480 5394 ⁶²⁵
494 5361 523 5414 Ε.
545 5376 569 5417 c.
586 5362 613 5416 L.
627 5379 663 5417 m.
677 5365 776 5421 desunt
798 5367 844 5422 8b.
860 5368 908 5423 8b.
920 5369 955 5404 ⁸¹⁶
968 5369 1070 5425 danuel
1096 5371 1266 5428 —Rainaldo
1287 5377 1381 5443 postea
1396 5373 1534 5429 additum.
1550 5375 1597 5431 sed
1611 5377 1759 5433 abacelam

87 5435 181 5481 manu.
196 5429 307 5497 Reliqui
325 5430 422 5487 babeat
436 5445 535 5486 omnes.
861 5509 955 5565 Nom

122 5593 194 5664 (dte)
207 5594 348 5667 Lectoure,
357 5601 487 5657 subditus
497 5601 747 5674 archiepiscopatui
763 5609 906 5665 duscenci.
