3720 6014
42 116 95 177 289
522 112 694 171 tutorum.
714 142 749 153 -
768 108 957 168 ructamus
977 105 1236 163 arittuunsusn.
1657 114 1714 172 290

79 239 163 296 tiso.
232 238 265 294 rt.
281 239 309 293 1.
375 237 403 295 F.
422 239 467 293 20.
523 238 597 293 Αιῖ.
654 237 684 292 ll.
706 238 745 291 13.
866 232 978 305 Amilia
991 231 1025 286 de
1040 230 1099 285 suis
1112 229 1273 297 amiserant,
1301 230 1715 304 magnainstantiaetiortitu‘

78 327 247 386 fredericus
262 329 413 400 imperator
433 326 539 398 judicio
560 334 588 383 et
611 326 728 383 consilio
744 325 852 397 episco-
903 322 969 377 dine
985 327 1154 392 superatum,
1167 320 1263 391 positis
1278 321 1345 376 ineo
1360 322 1495 377 militibus
1503 323 1631 380 obtinuit.
1647 325 1714 380 inde

44 438 145 494 porum
158 428 186 478 et
198 420 435 492 archiepiscorum
461 419 556 475 relicta
583 435 668 475 uxore
702 434 761 486 sua,
776 416 853 473 duxit
903 415 976 469 circa
996 414 1087 468 natale
1110 413 1219 469 Domini
1247 412 1420 468 Antiochiam
1447 415 1575 481 verricus,
1596 415 1651 472 duo
1670 432 1717 472 ea·

45 510 131 568 filiam
142 512 254 569 comitis
265 509 505 586 Burgundionum,
532 509 657 565 [leinaldi
679 509 802 575 nomine,
819 509 853 564 do
903 506 1133 563 stellailaroncet
1147 507 1240 562 Femic
1255 507 1412 580 acquisivit,
1427 509 1538 563 tertium
1558 508 1713 577 destruxit3

44 606 247 664 ultraSaonam
263 622 271 673 ;
287 620 370 677 quam
382 609 495 674 patruus
513 618 579 657 suns
590 601 854 657 comesWilbelmus
904 607 932 654 et
945 614 1123 671 quocumque
1141 599 1272 670 princeps
1288 599 1375 670 ipsius
1390 599 1560 656 Raimundus
1575 601 1714 657 incuriact

45 706 105 756 arta
134 697 218 755 turris
236 696 362 755 custodia
389 695 436 751 diu
459 694 578 751 clausam
597 700 735 761 tenuerat,
750 699 780 749 ut
794 708 853 750 eam
904 690 1036 748 insolenti
1064 691 1219 747 temeritate
1246 691 1390 760 amiserat,
1419 691 1513 747 Turcis
1544 694 1715 750 irruentibus

45 789 180 863 perderet
188 794 215 844 et
229 787 410 844 hereditatem
426 784 682 856 eiuslraudulenter
692 784 854 855 preriperct;
906 801 968 840 cum
984 785 1102 840 maxima
1115 792 1191 856 parte
1216 786 1353 842 exercitus
1379 785 1421 842 sui
1434 787 1552 853 occisus,
1574 787 1634 859 ipse
1649 787 1718 844 viri-

46 879 96 935 sed
110 879 170 935 Deo
186 878 334 933 miserante
349 875 384 930 de
404 875 532 930 manibus
548 875 609 944 ejus
627 872 755 940 liberata,
766 873 855 945 impe·
907 876 970 933 liter
983 893 1069 952 agens
1081 878 1263 949 recuperavit.
1286 877 1389 933 Deinde
1411 895 1574 955 progressus
1602 878 1631 934 in
1644 880 1717 936 ulte·

49 971 351 1044 ratoriinconjugium
369 969 499 1042 copulata
517 975 566 1024 est.
596 968 740 1024 Heinricns
760 968 857 1037 junior
906 967 991 1032 riom,
1019 968 1162 1024 cesaream
1198 968 1370 1040 Cappadocia
1410 971 1530 1037 obsidet,
1567 971 1714 1028 obsessam

49 1061 268 1136 rexdnglorum,
281 1058 432 1115 exereitum
444 1059 587 1128 copiosum
609 1065 638 1113 et
651 1073 781 1130 magnum
791 1057 857 1113 belii
908 1065 1005 1128 quarto
1015 1056 1060 1112 die
1076 1056 1161 1128 cepit,
1177 1063 1205 1112 et
1219 1056 1284 1126 qnia
1300 1058 1420 1113 retinere
1431 1073 1487 1114 non
1498 1059 1598 1129 potuit,
1614 1066 1712 1132 utpote

50 1161 215 1225 apparatum
227 1167 310 1225 quem
320 1158 501 1222 proposuerat
513 1150 615 1207 ducere
640 1149 668 1204 in
687 1150 857 1219 Hiberniam,
908 1150 1039 1206 anostris
1067 1151 1148 1225 longe
1172 1150 1300 1222 positam,
1329 1151 1485 1218 dextruxit;
1502 1160 1530 1209 ct
1558 1153 1599 1209 sic
1625 1153 1719 1210 omnia

49 1254 154 1302 uteam
171 1244 364 1301 suademinio
389 1244 560 1319 subjugaret,
589 1242 756 1315 fratremque
777 1261 857 1300 suum
910 1257 1040 1312 prospere
1055 1257 1152 1315 agene,
1163 1243 1197 1297 ad
1210 1257 1276 1298 suos
1291 1241 1499 1300 llierosolimam
1532 1261 1594 1301 cum
1616 1259 1717 1321 magna

52 1337 172 1393 consilio
195 1334 390 1408 cpiscoporum
421 1341 448 1390 et
473 1334 664 1409 religiosorum
688 1335 807 1391 virorum
819 1335 858 1391 illi
910 1332 999 1407 gloria
1025 1339 1053 1388 et
1078 1332 1181 1409 gaudio
1205 1334 1418 1390 christianorum
1447 1351 1583 1402 reversus,
1613 1335 1718 1392 ibidem

52 1426 143 1482 insule
158 1441 253 1501 regem
268 1424 462 1490 constitueret,
491 1424 628 1480 convertit
656 1430 859 1499 contraregcm
911 1423 1025 1479 biennio
1049 1431 1235 1480 commoratus
1261 1432 1312 1481 cst.
1343 1426 1414 1481 Uxor
1434 1425 1492 1498 ejus
1506 1426 1638 1482 Bethanie
1652 1427 1721 1482 reii-

52 1511 221 1570 Francorum
233 1513 301 1577 :bac
318 1512 423 1569 scilieet
438 1513 474 1568 de
493 1511 659 1584 causa,quia
674 1527 785 1568 uxorem
801 1514 862 1582 ejus
911 1511 1003 1585 pionis
1014 1510 1138 1567 habiturn
1158 1511 1292 1583 suscepit.
1317 1512 1514 1569 brandeburch
1529 1515 1673 1570 castellum
1693 1516 1721 1569 in

52 1601 87 1657 ab
121 1617 157 1658 eo
188 1601 312 1658 relictam
340 1601 369 1655 in
397 1601 603 1656 matrimonium
630 1602 757 1668 duxerat,
785 1581 985 1670 cuiusBimm
1014 1606 1173 1663 seim-mmm
1201 1616 1276 1664 imm
1306 1608 1408 1678 Albim,
1434 1625 1483 1680 pm
1511 1610 1586 1680 φο(
1610 1610 1722 1685 pagam,

53 1690 254 1763 patrimonium
283 1688 350 1744 satis
374 1705 506 1764 magnum
531 1696 559 1745 et
583 1690 716 1762 amplum,
732 1689 863 1746 ducatum
914 1694 1081 1751 christianos
1105 1697 1224 1768 graviter
1250 1696 1422 1773 affligebant,
1451 1699 1577 1754 tilbertus
1602 1700 1724 1756 marchio

53 1778 163 1835 scilicet
177 1777 324 1850 aquitanie
339 1784 366 1833 et
392 1776 486 1832 omnia
510 1778 563 1849 ipsi
591 1778 775 1849 subjacentia,
798 1794 864 1854 rege
915 1802 1009 1842 comes
1032 1787 1195 1843 insitionis
1223 1789 1343 1854 obsedit,
1360 1791 1445 1861 cepit,
1472 1791 1627 1863 positisque
1646 1791 1675 1847 in
1690 1806 1725 1847 co

56 1867 278 1928 contradicente.
307 1865 450 1937 possidere
477 1866 674 1922 contendebat·
695 1866 866 1940 integratis
916 1875 1050 1930 militibus
1064 1875 1175 1932 Selavos
1192 1877 1356 1944 humiliavit,
1370 1894 1401 1933 ac
1420 1894 1470 1948 per
1486 1880 1536 1934 hoe
1558 1879 1725 1935 christianos

55 1971 82 2017 et
96 1961 181 2033 longa
188 1958 330 2015 contentio
344 1959 416 2013 inter
431 1972 480 2013 eos
494 1968 588 2014 exorta
602 1966 654 2027 est,-
670 1960 707 2014 ita
721 1968 751 2015 nt
765 1959 793 2014 in
804 1975 867 2030 par·
917 1965 988 2021 lines
1001 1967 1117 2023 multum
1131 1968 1263 2024 dilatavit.
1273 1968 1720 2041 tiedericusimperatorsecundo

56 2052 131 2108 tibus
141 2051 288 2124 utriusque
301 2052 379 2125 regni
398 2049 560 2106 viderentur
581 2051 664 2114 urbes
675 2050 789 2119 destrui,
803 2051 867 2108 ville
919 2058 947 2113 in
964 2059 1079 2127 italiam,
1095 2060 1206 2131 plenius
1227 2077 1287 2116 carn
1311 2061 1519 2137 subjugaturus,
1535 2063 1621 2119 movit
1639 2079 1721 2118 erer-

57 2153 83 2200 et
96 2142 185 2215 opida
208 2141 337 2209 cremari,
358 2140 518 2207 homicidia,
544 2141 759 2212 depredationes
774 2158 865 2199 rerum
918 2147 1002 2202 citum
1018 2164 1078 2204 cum
1100 2149 1170 2205 duce
1190 2151 1321 2206 Bobcmie
1337 2159 1366 2207 ct
1377 2152 1477 2206 ceteris
1494 2152 1570 2226 regni
1587 2151 1630 2207 sni
1646 2153 1725 2223 prin·

57 2237 186 2292 omnium
201 2233 339 2290 violenter
354 2231 460 2297 fieri,et
473 2249 489 2288 a
503 2232 866 2306 Pyreneismontibuspene
916 2238 1026 2310 cipibus
1047 2240 1129 2313 (397).
1161 2240 1311 2298 Cenobium
1339 2243 1548 2309 Gcmblacense,
1574 2245 1648 2315 quod
1664 2251 1728 2301 ante

58 2331 92 2386 ad
103 2329 177 2385 fines
186 2328 315 2385 Flandrie
330 2328 383 2385 boc
396 2327 499 2383 malum
519 2328 597 2400 quasi
612 2329 868 2402 pestisgravissima
917 2344 1006 2385 annos
1020 2330 1172 2386 circiterid
1187 2347 1351 2389 succensum
1369 2334 1440 2403 (398)
1455 2334 1504 2390 sed
1520 2334 1568 2390 liei
1579 2334 1729 2390 clementia

60 2423 276 2484 intolerabiliter
288 2424 417 2498 grassari.
918 2426 946 2485 et
974 2419 1112 2495 suffragiis
1139 2429 1296 2480 sanctorum
1329 2440 1447 2497 quorum
1466 2424 1586 2497 reliquie
1617 2425 1645 2480 in
1680 2426 1727 2481 illa

96 2516 178 2573 1157.
253 2515 271 2569 5
390 2515 435 2571 21.
546 2515 572 2572 3.
680 2515 725 2573 ts.
920 2512 1236 2582 continenturecclesia‚
1255 2516 1335 2586 aquis
1359 2517 1393 2571 de
1416 2516 1728 2573 alveoviciniiiuminis

95 2608 287 2667 Theodericus
299 2623 393 2665 comos
406 2608 543 2680 flandrie,
554 2610 611 2680 jam
626 2610 707 2667 tortio
731 2610 872 2682 proiectus
921 2603 1036 2659 clevatis
1050 2612 1077 2659 et
1092 2605 1260 2662 monasterio
1279 2606 1435 2677 superfusis
1451 2596 1725 2674 restinctummodo

63 2718 124 2758 cnm
141 2698 309 2774 quibusdam
334 2700 506 2772 principibus
526 2707 673 2770 terresue,
694 2702 871 2759 ductaetiam
922 2693 970 2750 tali
995 2695 1116 2767 presidio
1142 2696 1313 2767 destitutum,
1335 2701 1445 2755 occulto
1465 2701 1512 2756 [lei
1533 2699 1640 2771 judicio
1669 2715 1731 2756 curn

63 2807 211 2849 mmmmm
237 2792 297 2850 2010
316 2792 364 2865 pm
388 2793 544 2850 devmmms
568 2809 695 2863 amensa,
721 2811 783 2850 cum
800 2812 872 2867 qua.
924 2787 1317 2846 claustroetceterisolticinis
1346 2798 1459 2862 totoque
1483 2790 1587 2863 oppido
1616 2791 1731 2849 combu-

63 2883 222 2960 dringentis
233 2881 370 2938 militibus
385 2888 412 2938 et
424 2883 536 2953 copioso
552 2882 620 2938 belli
636 2893 769 2954 apparatu
779 2883 875 2941 iiiero-
924 2886 995 2937 stum
1007 2888 1058 2938 est.

64 2973 205 3039 solimam,
221 2971 365 3043 Philippus
384 2970 460 3026 iilius
475 2971 536 3040 eius
551 2972 710 3028 comitatum
729 2946 912 3043 suscepit30
959 2971 1040 3026 1158.
1142 2973 1168 3028 6.
1260 2974 1306 3028 22.
1411 2974 1439 3029 1.
1547 2977 1591 3031 11.

66 3081 149 3138 quern
159 3064 280 3135 justicia,
291 3062 422 3119 fortitudo
437 3068 465 3118 et
479 3062 632 3118 liberalitas
648 3063 779 3119 omnibus
794 3064 875 3120 bonis
960 3059 1106 3117 Frederico
1121 3062 1287 3133 imperatore
1308 3064 1338 3118 in
1354 3063 1431 3119 ltalia
1452 3065 1551 3135 posito,
1572 3066 1731 3122 civitatibus

68 3155 239 3212 laudabilem
254 3154 433 3211 etamabilem
463 3153 536 3209 iecit.
567 3155 652 3220 Quam
673 3155 876 3227 (396leatcm·
925 3160 954 3209 et
975 3155 1089 3210 urbibus
1120 3157 1250 3224 subactis,
1278 3158 1375 3225 duces,
1400 3159 1515 3214 comites
1540 3166 1567 3214 et
1598 3160 1738 3232 principes

70 3254 177 3317 pestate
189 3247 218 3303 in
233 3251 308 3302 tanta
321 3246 529 3318 perturbatione
539 3253 568 3302 et
588 3248 783 3319 desperatione
798 3249 876 3305 inre·
927 3252 1000 3300 terre
1015 3247 1050 3301 ad
1067 3263 1130 3302 eum
1148 3249 1247 3319 partim
1273 3249 1372 3304 timore
1394 3249 1492 3319 partim
1513 3266 1607 3306 amore
1632 3265 1733 3306 conre-

71 3341 120 3409 mt‚
148 3347 180 3395 m
206 3339 263 3410 jam
289 3337 418 3394 timerem
439 3353 468 3393 se
491 3337 595 3394 finibus
609 3339 667 3394 suis
690 3340 800 3411 expelli,
818 3341 878 3396 tom
928 3342 1038 3401 nerunt,
1055 3334 1176 3390 debitam
1189 3337 1215 3390 ei
1243 3335 1445 3407 subjectionem
1466 3343 1494 3392 et
1517 3337 1699 3392 reverentiam
1711 3337 1737 3393 ei

70 3438 167 3486 sancta
178 3428 310 3502 gentibus
319 3429 530 3501 prophananda,
542 3435 682 3501 totamque
701 3435 800 3484 terram
817 3446 878 3502 pos·
929 3426 1114 3483 exhibuerunt
1129 3428 1212 3497 salop.
1228 3429 1244 3482 6
1256 3431 1267 3495 l
1279 3427 1403 3498 exceptis
1411 3424 1675 3495 Mediolanensibus,
1688 3427 1736 3498 qui

72 3523 219 3580 sitiendam
234 3521 365 3594 relinqui.
381 3522 501 3579 Noradin
517 3522 602 3590 enim,
630 3522 774 3595 Sanquinii
793 3523 876 3586 filius,
928 3517 999 3572 sicut
1011 3518 1259 3590 predecessoribus
1283 3519 1353 3587 ejus,
1378 3517 1415 3571 ita
1427 3517 1481 3587 ipsi
1495 3533 1606 3590 quoquc
1618 3516 1739 3573 rebelles

73 3618 154 3684 rupto
169 3610 248 3683 pacis
263 3607 367 3666 loedere
388 3611 477 3681 primo
499 3611 657 3683 improvisis
669 3613 877 3683 superveniens,
929 3609 1085 3665 extiterunt.
1114 3611 1174 3682 ipse
1202 3610 1306 3681 absquo
1339 3608 1394 3663 ulla
1418 3607 1550 3663 dilatione
1589 3625 1639 3665 sua
1671 3622 1739 3664 usus

72 3706 111 3761 eis
129 3718 300 3777 congressus
313 3703 463 3775 superavit.
481 3704 608 3761 Secundo
623 3705 652 3759 in
666 3705 760 3777 vigilia
782 3713 879 3777 pente·
929 3701 1248 3768 constantia,cititatem
1277 3699 1397 3765 obsedit,
1413 3707 1441 3754 et
1479 3699 1605 3771 quamvis
1620 3698 1736 3755 interius

71 3802 162 3852 costes
172 3791 368 3866 congrediens,
384 3790 442 3847 fere
472 3798 616 3848 sexcentos
632 3792 659 3847 in
673 3794 797 3870 exercitu
814 3808 878 3866 pro·
929 3789 1074 3855 haberent,
1097 3797 1128 3846 ut
1147 3790 1257 3855 dicitur,
1283 3788 1318 3846 60
1343 3788 1421 3843 milit
1453 3795 1632 3856 armatorum,
1648 3788 1738 3861 primu

72 3887 164 3952 batos,
180 3882 316 3955 quosdam
330 3884 437 3953 tempii,
449 3884 584 3955 quosdam
597 3885 779 3959 rogismilitcs
793 3886 878 3956 cepit,
933 3887 1027 3938 tamen
1041 3891 1068 3940 et
1079 3883 1203 3938 secundo
1218 3896 1372 3957 congressu
1383 3881 1468 3936 multu
1482 3886 1573 3955 strage
1586 3880 1745 3937 humiliatos

72 3974 186 4038 occidit,
204 3972 358 4049 regcmvix
381 3972 445 4047 iuga
473 3974 597 4043 elapsum
612 3980 774 4045 ceterosque
787 3973 814 4029 in
835 3990 883 4030 ca·
934 3971 968 4026 ad
982 3971 1153 4027 deditionem
1182 3970 1326 4042 compulit,
1349 3979 1380 4025 ut
1411 3968 1465 4024 200
1493 3968 1528 4024 de
1561 3968 1745 4025 nobilioribus

74 4075 162 4123 strum
173 4062 286 4119 Belinas
316 4061 436 4133 impulit,
463 4067 630 4133 terramque,
645 4077 733 4134 usque
748 4062 885 4118 maritima
935 4062 1053 4119 civitatis
1063 4064 1139 4134 pacis
1157 4062 1270 4120 obsides
1285 4063 1396 4129 darent,
1410 4069 1438 4118 et
1452 4076 1658 4133 quamcumque
1678 4074 1746 4117 con·

73 4152 154 4208 nullo
166 4149 313 4206 resistente
324 4148 517 4224 progrediens,
531 4150 617 4205 multa
631 4151 743 4205 excede
758 4151 874 4207 vastavit
935 4156 1067 4214 ditionem
1086 4158 1138 4214 sibi
1151 4157 1185 4213 ab
1202 4171 1235 4213 00
1250 4155 1406 4228 impositam
1440 4155 1624 4226 susciperent.
1641 4155 1746 4220 Quibus

75 4247 104 4300 ln
120 4252 200 4300 tanto
214 4242 314 4298 timore
329 4242 434 4314 positos
447 4242 581 4298 Dominus
607 4243 717 4312 adjutor
731 4244 759 4299 in
771 4251 885 4317 oportu·
897 4234 925 4305 D
936 4246 1057 4319 acceptis
1081 4253 1109 4303 et
1137 4245 1344 4303 conditionibus
1373 4252 1545 4302 sacramento
1576 4243 1747 4299 confirmatis

76 4329 227 4400 nitatibus,
241 4329 269 4384 in
286 4328 473 4397 tribulatione,
488 4346 538 4401 por
548 4331 677 4386 comitem
697 4333 886 4405 supradictum
937 4339 1019 4410 (Sept.
1043 4339 1070 4407 8)
1094 4339 1172 4411 quasi
1202 4353 1326 4404 securus,
1360 4336 1512 4393 exercitum
1541 4336 1676 4408 quosdam
1711 4335 1755 4390 in·

76 4425 129 4481 boc
141 4421 227 4480 modo
242 4421 399 4479 consolatus
414 4428 465 4478 est.
475 4423 535 4493 lpse
563 4439 684 4496 namque
706 4425 754 4481 liei
767 4426 887 4483 conlisus
937 4427 1059 4498 propria,
1076 4425 1210 4498 quosdam
1227 4425 1255 4480 in
1272 4422 1390 4480 hiberna
1410 4421 1514 4478 dimisit
1528 4442 1537 4490 ς
1554 4423 1615 4494 ipsc
1630 4421 1747 4478 initalia

77 4515 229 4587 adjutorio,
244 4523 273 4571 et
285 4522 379 4571 sancte
406 4514 497 4571 erucis
516 4531 582 4587 que,
604 4518 632 4572 in
646 4518 766 4574 exercitu
777 4517 887 4574 tereba-
937 4534 967 4574 se
978 4520 1112 4587 retinens,
1128 4521 1190 4591 pius
1202 4527 1230 4576 et
1246 4520 1337 4589 justus
1351 4517 1386 4572 ab
1401 4516 1530 4573 omnibns
1550 4515 1749 4589 appellatus,et

78 4617 132 4676 tur,
148 4605 275 4663 munitus
288 4604 441 4679 signaculo,
457 4604 587 4674 adjuncto
603 4605 656 4661 sibi
670 4623 736 4682 rege
756 4608 887 4665 audacter
937 4611 1077 4666 secundus
1092 4617 1154 4683 post
1177 4610 1305 4666 iiarolum
1332 4609 1459 4684 Magnum
1480 4607 1587 4677 justitia
1600 4614 1630 4663 et
1641 4607 1745 4680 pietate

79 4713 259 4775 congressus,
273 4696 393 4753 Noradin
415 4713 479 4753 cnm
498 4697 558 4753 suis
577 4699 725 4769 superavit,
743 4708 887 4771 superatos
938 4706 978 4755 est
993 4700 1115 4756 habitus.
1129 4699 1242 4754 lnterim
1257 4704 1349 4753 maten
1370 4697 1490 4754 suaocia
1509 4697 1564 4769 piis
1579 4697 1747 4770 reipublice

79 4784 248 4855 humiliarit,
263 4784 423 4841 humiliatos
435 4787 469 4841 ad
482 4802 576 4856 pacem
589 4788 755 4858 poscendam
771 4805 886 4861 compu-
937 4804 1092 4863 perornans
1107 4788 1241 4862 negociis,
1270 4787 1390 4844 Laudam
1423 4786 1671 4858 civitatem‚quam
1684 4787 1743 4843 ile·

77 4878 117 4935 lit.
133 4874 297 4940 Castellum,
329 4874 404 4946 quod
433 4873 520 4931 Cavea
548 4875 659 4944 dicitur,
675 4879 780 4935 nostris
806 4880 886 4937 valde
936 4879 1114 4935 diolanenses
1128 4877 1330 4945 destruxerant,
1353 4877 1381 4931 in
1396 4875 1490 4932 tutiori
1507 4875 1567 4931 loco
1582 4874 1742 4930 translatam

80 4966 222 5033 infestum,
234 4963 397 5036 quippequi
412 4979 463 5035 per
477 4964 547 5021 illud
560 4965 631 5023 intra
645 4968 661 5020 7
678 4984 766 5026 anuos
780 4969 837 5026 sere
852 4971 887 5027 tc
936 4971 1074 5028 restruxit.
1090 4968 1199 5025 dumam
1229 4983 1351 5042 quoque,
1372 4985 1454 5042 quam
1471 4968 1544 5041 idern
1557 4966 1644 5022 Deiet
1655 4966 1690 5001 “¹
1702 4965 1746 5022 sui

756 5079 870 5137 tanim
888 5079 1076 5139 tectiores

83 5178 216 5312 Amorgi
230 5182 353 5237 eterost't
379 5177 500 5249 iliacus,
529 5180 690 5250 occidetur,
720 5187 768 5256 qui
794 5186 888 5245 lattdm
914 5188 1048 5245 Fmderict
1072 5187 1097 5239 et
1116 5186 1146 5239 tn
1177 5183 1267 5240 codice
1281 5181 1504 5249 deleresttcduit3
1524 5178 1692 5236 restituimus
1710 5189 1745 5237 σω

865 5327 970 5386 NOTAE.

119 5423 198 5499 (336(
215 5417 431 5500 Hierosolymam
447 5420 554 5487 scilicet
947 5428 1084 5502 processit

120 5499 195 5568 (397)
212 5499 269 5556 iioe
287 5497 391 5555 tactum
419 5501 530 5559 demum
546 5497 627 5569 1158,
659 5513 756 5558 mense
786 5499 891 5572 tunio;
982 5500 1054 5572 (393)
1067 5500 1098 5555 Α.
1115 5499 1197 5558 1136.

85 5584 159 5628 anno
182 5569 259 5628 enim
281 5568 350 5626 1137
364 5569 515 5642 imperator
532 5572 603 5629 ultra
623 5570 807 5650 burgundiam
840 5589 896 5633 non
