3720 6014
118 208 183 264 aaa
699 196 868 256 utulenta
888 194 1003 253 sanun
1024 192 1208 251 ausanium.
1333 157 1336 164 ’
1715 201 1785 259 1242

114 334 144 388 ln
160 343 188 387 te
202 329 354 387 veridicum
374 327 538 399 completur,
552 326 668 390 alarice,
689 322 833 395 scriptum,
935 322 962 391 Α
1011 318 1077 377 Nam
1091 317 1310 390 laxas,cnptum,
1329 318 1378 376 das
1397 292 1507 393 quoque
1519 322 1692 393 praediolum.

150 424 208 480 Non
224 421 377 494 impunitus
393 420 471 476 testis
484 419 537 474 erit
553 419 699 491 reprobus.

115 512 182 567 bum
200 516 225 565 tc
240 515 309 566 teste
324 524 400 565 suam
417 523 510 564 comos
526 506 645 562 affirmat
663 505 721 565 lore
735 506 831 563 silvam

153 598 284 656 Effossum
296 612 402 670 querno
418 595 469 651 iles
483 597 594 652 oculum
610 597 736 668 scopulo.

118 693 248 763 Corpore,
263 689 412 756 Constanti,
428 689 462 745 do
483 704 560 746 sacro
577 689 664 759 prode
679 689 814 759 Posonni3

150 785 195 838 Bis
210 782 340 849 monitus,
357 782 449 857 llagris
459 782 538 838 tertio
550 782 707 854 corriperis.

113 874 187 928 Visio
202 872 276 945 quod
290 872 396 937 docuit,
411 870 571 943 compulsus
587 873 710 944 pandere
724 872 832 945 pandis,

151 965 294 1017 lnrentum
307 976 383 1016 sacro
393 960 522 1016 conditur
536 961 564 1015 in
579 961 695 1017 tumulo.

112 1054 241 1110 Pulvistu
257 1053 355 1109 tumuli
369 1053 465 1120 donat,
482 1052 627 1127 Tetberga,
648 1052 747 1120 saluti,·

146 1147 266 1219 Urgebat
276 1145 354 1202 duris
368 1145 481 1216 spiritus
494 1145 565 1201 bane
584 1145 715 1203 stimulis.

111 1235 213 1303 Pulvis,
228 1244 257 1290 ut
274 1240 315 1290 est
329 1234 446 1302 bibitus,
468 1233 625 1289 detruditur
640 1233 743 1305 hospes
759 1233 881 1307 iniquus,

148 1329 264 1386 Sanctus
274 1327 358 1385 habet
371 1328 512 1400 proprium
525 1328 643 1399 Spiritus
656 1322 817 1400 hospitium.

112 1421 217 1494 Templi
230 1438 279 1493 pro
294 1421 400 1477 loribus
408 1420 496 1491 jacuit
510 1436 559 1491 per
575 1437 631 1476 non
646 1421 729 1477 breve
743 1429 864 1496 tempus,

148 1516 238 1570 Altera
251 1513 401 1570 contractis
416 1528 503 1585 prona
516 1513 622 1568 cubans
633 1514 765 1588 genibus:

111 1611 179 1666 Dum
192 1612 304 1666 missam
316 1615 437 1678 caneret,
455 1608 553 1665 iratres
569 1626 649 1666 orare
664 1622 801 1680 moneret,

144 1698 300 1771 Presbyter,
321 1698 373 1755 bac
387 1699 455 1754 bora
469 1715 535 1754 sana
550 1697 580 1753 dt
593 1699 699 1771 absque
710 1716 797 1758 mora.

108 1787 239 1842 Causatur
253 1792 364 1842 sanctos
385 1786 466 1842 miles
486 1786 543 1842 lore
558 1787 771 1859 somniculosos,

144 1876 191 1932 llis
203 1876 262 1931 sine
275 1877 382 1945 jactura
396 1892 425 1932 se
439 1877 564 1947 rapuisse
574 1893 638 1933 sua:

107 1968 236 2024 Traditur
251 1968 296 2023 bic
316 1967 435 2033 Satanas,
452 1967 482 2024 fit
501 1985 597 2024 servus
611 1969 684 2026 liber
697 1969 732 2027 ab
747 1971 843 2044 hoste;

144 2060 263 2116 Sterterc
278 2060 419 2127 credebat,
436 2077 505 2132 quos
514 2061 630 2134 vigilare
645 2063 752 2134 probat.

108 2155 175 2209 Dum
193 2162 218 2210 te
238 2155 407 2227 mancipium
424 2171 479 2210 non
495 2172 555 2212 esse
567 2156 661 2213 lateris
674 2158 787 2215 avitum.

143 2244 280 2311 alberice,
298 2244 380 2300 minis
393 2244 502 2301 caelitus
516 2246 650 2318 argueris.

105 2335 191 2407 lnque
206 2334 295 2390 volam
316 2334 411 2408 digitis
423 2351 484 2390 cum
501 2335 598 2392 dextro
613 2335 714 2408 pollice
726 2336 796 2405 lixis,

142 2426 236 2483 Places
251 2425 382 2483 offensam
395 2428 458 2499 juro
474 2426 615 2499 professus
630 2428 739 2483 berum.

104 2517 206 2572 Cuncta
220 2520 334 2573 vorante
345 2514 417 2584 ioco,
430 2515 528 2572 Christi
544 2516 685 2589 genitricis
702 2517 803 2594 imago,

135 2606 222 2682 Ligno
238 2605 346 2681 sculpta
364 2606 438 2672 licet,
450 2606 612 2662 intemerata
628 2612 730 2663 manet.
807 2670 812 2681 ³

99 2697 148 2761 Qui
168 2713 246 2752 saera
261 2696 420 2764 sustollunt,
436 2711 466 2751 se
482 2712 579 2767 passos
599 2695 700 2772 frigora
716 2699 863 2774 plangunt,

136 2785 227 2857 Peplis
240 2786 333 2841 illaesis
347 2785 466 2842 cultibus
486 2791 512 2841 et
527 2786 619 2842 variis.

103 2877 223 2944 Rustico,
236 2877 300 2932 dum
316 2877 467 2949 plaustrum
483 2876 556 2933 ioeno
569 2877 686 2934 deducis
696 2886 835 2949 onustum,

138 2964 186 3020 Pro
201 2964 289 3021 nihilo
304 2965 443 3020 celebrem
457 2964 541 3036 patris
554 2964 683 3022 babendo
698 2967 783 3037 diem,

101 3056 176 3129 ignis
192 3056 219 3111 in
234 3057 347 3131 exiguas
359 3056 459 3131 redigit
471 3063 517 3112 tua
533 3057 655 3127 plaustra
663 3058 780 3130 favillas,

134 3149 299 3222 Amittisque
312 3151 408 3221 pedes,
425 3155 510 3220 tuque
520 3149 617 3222 tuique
632 3151 726 3208 bores.

98 3236 156 3292 Non
172 3253 243 3308 opus
258 3236 344 3310 ignito
359 3253 454 3293 rerum
474 3237 634 3294 discernere
649 3238 733 3308 ierro,

133 3327 285 3395 Constanti,
302 3327 388 3385 salsus
403 3328 481 3385 testis
496 3328 563 3384 ades
578 3330 700 3401 penitus.

96 3420 199 3477 Vesicae
210 3420 343 3492 strepitus
363 3419 485 3492 disploso
500 3421 763 3493 rentrepudendus,

130 3511 302 3568 Tostifieatur
320 3529 379 3569 eam
396 3512 504 3589 legiferi
518 3513 664 3570 decimam.

96 3604 164 3659 llum
180 3610 272 3659 uotum
289 3602 403 3674 rumpis,
422 3603 519 3660 iterato
535 3603 639 3661 lumina
659 3606 765 3677 perdis,

131 3694 233 3751 vovisti
253 3711 360 3750 serram
374 3711 436 3768 quae
458 3695 515 3754 iore
532 3702 713 3769 perpetuam:

96 3785 192 3840 Denuo
208 3784 256 3840 sed
267 3784 379 3857 recipis,
391 3801 444 3842 nec
458 3795 556 3858 postca
570 3787 672 3842 lumina
690 3788 794 3860 perdis,

132 3872 314 3941 conservans,
325 3882 430 3941 rutum,
446 3891 526 3930 serva
536 3876 675 3933 manendo
690 3885 777 3934 tuum.

98 3966 226 4020 imminet
241 3981 256 4020 a
271 3972 349 4039 tergo
365 3964 514 4021 baudricus
525 3966 552 4020 in
569 3967 679 4043 agmine
695 3984 796 4046 magno

132 4054 216 4109 intrat
237 4069 285 4125 pro
300 4060 390 4110 castro
404 4070 466 4109 rura
486 4056 670 4126 patrisGeilo:

95 4141 203 4199 blandat
223 4152 252 4199 ut
272 4144 424 4220 insignum
445 4147 542 4203 reboet
557 4147 637 4203 miles
651 4133 843 4222 Benedictum,

130 4231 207 4304 Cepit
226 4232 400 4303 landricum,
413 4236 535 4306 perdidit
549 4243 576 4292 et
591 4253 720 4295 cuneum.

94 4320 206 4377 Gallaiei
218 4323 395 4394 neptissaera
411 4326 534 4397 praeripit
550 4327 617 4384 atria
633 4329 730 4400 patrie,

128 4413 359 4478 Quaelamulando
373 4433 439 4472 snus
455 4418 576 4474 obtinuit
590 4427 719 4490 patruus:

93 4508 170 4564 Unde
186 4509 231 4564 dic
251 4518 324 4567 eerta
337 4511 386 4567 luit
400 4513 543 4569 altercatio
558 4514 653 4582 multa,

128 4596 248 4670 Paralysi
263 4600 314 4655 sub
329 4617 384 4673 qua
399 4602 553 4673 percutitur
563 4605 673 4660 misera.

92 4692 242 4759 Ingenuum
262 4691 360 4747 clamat
376 4709 416 4760 sc,
432 4695 633 4767 seruitiumque
649 4705 767 4766 recusat,

126 4768 237 4834 stabilis
250 4780 305 4836 lroe
315 4790 394 4837 scuto
411 4782 528 4853 prodere
542 4799 603 4839 eum
617 4784 727 4856 baculo,

92 4870 681 4951 llumanicisobolnmreligat,capitis1quasi
695 4893 825 4937 censum:

127 4966 231 5022 Excidit
246 4969 463 5025 enormisinstar
482 4971 587 5027 babens
602 4971 704 5044 clypei.

89 5056 199 5112 bomon
220 5055 347 5123 suffocat,
364 5057 462 5128 primo,
479 5058 618 5130 lietberte,
630 5063 771 5134 replerat;

123 5146 160 5202 'lc
180 5145 262 5202 tellus
278 5146 363 5202 abicit
377 5156 404 5202 et
419 5153 461 5203 ter
475 5148 548 5204 idem
564 5151 680 5225 peragit.

89 5234 212 5293 Floriaco
233 5237 324 5292 missae
333 5237 422 5310 patuit
436 5239 522 5295 virtus
533 5238 572 5295 ibi
586 5240 698 5312 chartae,

122 5323 262 5381 continuit
279 5326 361 5382 tellus
377 5335 403 5382 le
417 5344 501 5399 super
515 5329 567 5386 hac
580 5330 671 5402 posita

86 5413 229 5471 Abstrabis
239 5418 358 5475 ecclesia
368 5420 512 5478 Benedicti
528 5422 641 5479 nomine
657 5440 735 5481 sacra

123 5503 245 5573 ilostcm,
260 5507 369 5565 Gautori
385 5511 579 5586 daemonioque
595 5513 679 5570 daris.

84 5592 181 5650 benuo
197 5597 324 5670 purgaris
336 5598 373 5655 de
388 5599 515 5669 crimine,
532 5602 597 5658 dum
608 5603 766 5677 resipiscis:

974 408 1144 487 mergetibus
1154 426 1261 467 carrum
1275 411 1352 467 ducit
1367 411 1530 470 Guisbertus
1544 421 1685 486 onustum,

1008 502 1105 574 baptis
1120 518 1136 557 a
1155 507 1237 569 terra,
1251 503 1316 572 dux,
1332 503 1495 574 Benedictc,
1505 511 1562 561 tua.

972 591 1031 647 Non
1046 590 1130 647 sentit
1143 591 1280 660 stimulos
1296 608 1353 648 non
1372 593 1498 663 verbera,
1515 609 1571 650 non
1587 595 1695 653 sonitus
1715 596 1782 654 bos:

1009 683 1077 739 Ante
1093 683 1200 756 nequit,
1214 690 1287 739 retro
1307 684 1390 752 cedit,
1411 700 1482 742 onus
1495 686 1601 743 rerebit

972 773 1118 845 Presbyter
1133 773 1257 829 ecclcsiae
1272 772 1399 850 bijugum
1411 774 1488 831 ducit
1499 782 1675 831 memoratae:

1008 863 1114 918 Adsunt
1133 878 1194 918 oum
1212 862 1342 935 plaustris
1355 870 1381 920 et
1391 864 1510 933 juvenes
1523 866 1638 933 tumidi;

973 950 1138 1008 Proturbant
1151 951 1298 1025 biiugum:
1318 967 1398 1008 sacer
1409 962 1503 1010 exorat
1517 954 1708 1011 benedictum.

1007 1045 1106 1101 llorum
1122 1059 1186 1101 rnox
1201 1045 1354 1117 plaustrum
1368 1050 1422 1102 stat
1436 1047 1514 1120 quasi
1530 1063 1611 1103 mons
1624 1049 1743 1122 rigidum

971 1134 1050 1203 Dum,
1066 1133 1178 1202 scribis,
1193 1149 1288 1190 eorum
1309 1134 1388 1190 deles
1403 1143 1433 1191 ut
1447 1136 1501 1194 uile
1516 1143 1672 1209 paternum,

1007 1226 1092 1281 littus
1112 1225 1139 1280 in
1160 1226 1343 1283 adsersumte
1358 1228 1454 1284 tremis
1470 1229 1636 1300 expositum.

968 1317 1134 1375 Daemoniois
1144 1316 1238 1392 llngris
1253 1319 1389 1390 torqueris
1404 1320 1520 1376 traditus
1535 1320 1602 1387 illis,

1004 1406 1148 1478 Nunquam
1164 1407 1268 1463 curaris
1280 1408 1382 1465 mentis
1391 1408 1483 1481 inops,
1495 1410 1544 1465 sed
1557 1408 1629 1466 obis.

970 1502 1091 1558 incurris
1101 1501 1239 1567 morbum,
1250 1503 1370 1567 Gauteri,
1386 1504 1582 1574 perniciosum,

1004 1594 1096 1650 ludos
1111 1594 1273 1650 commissas
1286 1595 1350 1650 dum
1365 1596 1430 1652 dare
1446 1595 1604 1670 relliquias;

928 1647 1070 1741 BFassus
1089 1684 1222 1741 delictum
1242 1686 1358 1755 sanaris,
1380 1694 1539 1742 nontamen
1559 1702 1661 1742 annum

1003 1778 1095 1849 lpsnm
1113 1778 1281 1850 pertransis3
1298 1784 1341 1834 ast
1353 1778 1382 1833 in
1399 1794 1432 1834 eo
1447 1779 1564 1835 moreris

966 1873 1073 1930 Patrem
1088 1874 1254 1936 subsannas,
1270 1891 1392 1930 messem
1407 1891 1544 1945 resecare,
1558 1874 1686 1931 laboras:

1002 1965 1089 2021 Caedis
1099 1982 1149 2038 per
1163 1965 1297 2032 medium,
1313 1964 1425 2031 rustice,
1442 1965 1511 2021 laice
1527 1980 1649 2020 manum.

966 2061 1048 2117 diunt
1063 2061 1192 2134 illapsum
1207 2066 1334 2131 cunctos,
1349 2059 1488 2127 animalia,
1510 2059 1672 2131 plaustrum,

1002 2153 1213 2226 Consumpsissc
1232 2153 1323 2210 locum
1338 2161 1438 2209 catera
1450 2195 1458 2221 ,
1471 2167 1559 2209 neone
1572 2151 1701 2217 domum;

964 2246 995 2299 tt
1010 2242 1212 2302 necdissimilis
1226 2243 1361 2300 Gauterus
1380 2242 1499 2299 liabetur
1512 2243 1539 2297 iu
1554 2241 1629 2298 istis:

1000 2334 1074 2390 Visio
1088 2349 1170 2406 quem
1185 2335 1293 2390 monuit
1307 2334 1445 2405 linquere,
1461 2348 1523 2405 quae
1544 2330 1661 2404 peragit,

963 2421 1079 2494 Vapulat
1097 2420 1248 2489 immensis,
1266 2438 1322 2478 non
1337 2421 1421 2477 sentit
1434 2421 1508 2493 quia,
1525 2420 1631 2493 llagris;

996 2515 1084 2573 Vicini
1101 2516 1213 2589 proprio
1227 2533 1309 2589 quem
1327 2515 1450 2572 referunt
1464 2515 1498 2570 ab
1510 2531 1588 2589 agro.

960 2608 1026 2664 Orus
1039 2608 1106 2663 dum
1125 2607 1215 2680 stagni
1230 2607 1305 2663 videt
1315 2606 1434 2678 armiger
1443 2620 1543 2661 ansere
1552 2604 1637 2677 pasci,

995 2695 1136 2751 Accelerat
1156 2694 1272 2760 srustra3
1293 2694 1452 2750 stimulante
1466 2693 1541 2769 gula,

961 2788 1043 2859 Urget
1055 2787 1235 2859 cornipedem
1253 2802 1378 2858 praeceps
1394 2786 1656 2842 calcaribusacrem.

996 2877 1027 2931 Et
1037 2877 1197 2932 submersus
1210 2876 1289 2948 aquis
1301 2874 1484 2931 intumulatur
1494 2874 1544 2930 cis.

958 2969 1102 3026 Subtrabis
1124 2966 1246 3023 oblatum
1263 2967 1368 3034 lurtim,
1382 2967 1459 3032 dum,
1476 2966 1612 3022 monache
1626 2965 1769 3036 lyclmum,

919 3019 945 3090 C
992 3059 1022 3113 ln
1038 3057 1144 3114 somnis
1155 3057 1287 3126 monitus,
1302 3057 1424 3112 restituis
1441 3056 1576 3128 trepidus.

957 3148 1040 3205 Porro
1054 3149 1113 3205 dies
1125 3164 1174 3219 per
1188 3154 1244 3203 tres
1260 3147 1362 3219 pateris
1375 3163 1424 3220 pro
1440 3147 1556 3203 crimine
1573 3145 1676 3214 febres,

992 3237 1152 3294 committas
1166 3253 1233 3292 sane
1247 3252 1282 3292 ne
1302 3246 1399 3309 postea
1409 3236 1509 3292 simile.

955 3331 1023 3387 Dum
1037 3330 1140 3387 residet
1155 3331 1270 3399 mensis,
1284 3330 1398 3402 inopum
1417 3331 1544 3404 lacrymis
1559 3330 1611 3386 sibi
1627 3330 1726 3402 partis,

990 3426 1100 3482 Eicitur
1110 3441 1217 3482 resonae
1231 3441 1298 3482 voce
1307 3433 1423 3497 repente
1437 3424 1524 3482 tubae.

953 3518 1077 3575 Accurrit
1096 3516 1183 3589 raptis
1193 3516 1267 3573 celer
1283 3516 1500 3573 archembaldus
1514 3516 1541 3572 io
1557 3516 1652 3584 armis,

988 3610 1142 3667 Peroutitur
1157 3608 1211 3665 telo
1226 3615 1350 3681 tempora
1362 3608 1517 3666 mortifero.

954 3701 1007 3758 Res
1015 3717 1098 3759 nova:
1122 3699 1277 3773 percrebris
1291 3702 1429 3757 terebrato
1440 3702 1650 3767 vasccaaornis,

988 3794 1029 3850 Nil
1044 3794 1101 3851 vini
1117 3801 1220 3861 manat,
1235 3793 1337 3871 frigore
1353 3811 1402 3852 seu
1414 3797 1512 3871 rigeat,

953 3887 1037 3942 llrdet
1051 3892 1080 3942 ct
1094 3886 1189 3961 ignitis
1203 3885 1325 3943 verubus
1342 3886 1413 3945 iorat
1428 3888 1530 3960 impius
1542 3887 1640 3954 hostis,

989 3977 1066 4043 Quod
1075 3979 1202 4050 quamvis
1217 3979 1284 4054 ogit,
1301 3979 1339 4034 nil
1356 3985 1447 4034 tamen
1460 3978 1566 4036 elicuit.

952 4064 1016 4122 Visa
1026 4082 1095 4138 puer
1109 4066 1212 4135 retulit,
1227 4068 1367 4142 genitores
1385 4067 1499 4124 credere
1513 4067 1613 4138 poscit,

988 4160 1066 4215 illum
1083 4158 1265 4229 subsannant,
1283 4160 1391 4216 somnia
1405 4159 1472 4216 falsa
1488 4168 1595 4232 putant.

951 4248 984 4304 At
998 4265 1069 4320 puer
1087 4250 1204 4305 assuetis
1216 4265 1319 4320 pronus
1339 4250 1473 4321 reptando
1485 4249 1636 4318 scamellis,

987 4337 1138 4395 Floriacum
1151 4338 1241 4409 petiit,
1256 4352 1353 4408 sospes
1364 4345 1392 4394 ct
1407 4337 1472 4393 binc
1486 4336 1580 4394 rediit.

949 4433 1023 4490 Alter
1034 4435 1128 4490 adest:
1143 4433 1223 4508 agilis
1236 4449 1354 4506 poscens
1365 4433 1554 4490 modulamina
1564 4433 1649 4498 roeis,

985 4525 1036 4590 Qui
1051 4525 1140 4582 fuerat
1152 4533 1256 4592 mutus,
1272 4526 1368 4582 matris
1380 4526 1415 4581 ab
1430 4525 1576 4583 uberibus:

948 4613 1051 4685 Aspicit
1066 4614 1111 4670 bic
1123 4614 1231 4669 niveam
1247 4629 1277 4670 se
1298 4614 1466 4686 compellare
1482 4615 1658 4680 columbam;

985 4702 1053 4768 Quid
1065 4702 1131 4758 velit
1145 4701 1193 4759 ille
1207 4702 1294 4776 loqui,
1311 4704 1378 4760 dicit
1390 4711 1418 4760 et
1431 4705 1557 4760 emeruit.

947 4790 1054 4847 Tertius
1067 4788 1173 4847 audivit
1186 4791 1250 4847 dum
1264 4792 1357 4864 pusio,
1377 4793 1452 4866 quod
1470 4793 1525 4849 duo
1539 4793 1628 4866 gessit

983 4878 1049 4934 ldira
1065 4885 1153 4952 pater,
1168 4894 1270 4952 pucros
1283 4879 1462 4938 salvificando
1475 4882 1557 4947 duos,

947 4967 1080 5025 Paruulus
1099 4969 1144 5025 bic
1156 4966 1216 5040 eltis
1228 4971 1392 5026 vernaculus
1405 4979 1435 5027 ut
1445 4971 1499 5027 sibi
1510 4986 1622 5047 gressus

982 5057 1132 5127 Reddatur,
1149 5059 1249 5130 poscit,
1261 5075 1325 5117 mox
1338 5066 1365 5116 et
1374 5059 1410 5132 lid
1425 5061 1555 5117 obtinuit.

946 5150 1051 5206 bisesia
1060 5150 1183 5224 genitum
1199 5152 1307 5209 monuit
1319 5169 1369 5209 vox
1387 5161 1468 5211 nocte
1480 5153 1666 5227 lladulpbum,

981 5243 1015 5300 Ut
1029 5260 1113 5300 sanus
1124 5242 1214 5312 lieret,
1234 5245 1388 5304 Ftoriaeum
1404 5255 1520 5320 peteret.

944 5334 1078 5394 credulus
1097 5337 1142 5394 bic
1157 5335 1237 5394 dictis
1253 5353 1317 5395 sese
1330 5339 1415 5396 trabit
1434 5339 1479 5396 ille
1495 5338 1636 5416 genuclis3

980 5430 1038 5495 Qua
1049 5427 1172 5486 cbristus
1182 5431 1291 5488 scandit
1305 5431 1377 5501 luee,
1387 5433 1474 5503 pedes
1487 5433 1595 5506 recipit.

944 5518 1012 5574 llum
1025 5517 1124 5594 ligulas
1141 5520 1245 5590 palmas
1254 5519 1415 5577 Guillelmus
1428 5522 1544 5594 porrigit
1557 5524 1663 5580 ambas.

978 5607 1078 5665 iurans
1088 5619 1244 5680 patronum,
1254 5626 1354 5683 quassa
1365 5611 1517 5685 loquendo,
1526 5612 1620 5684 pium:
