3720 6014
144 243 215 299 1195
648 244 789 300 unuhttt
810 243 968 299 TOllThllll
989 243 1135 301 honneni
1154 245 1302 304 utnulla.
1756 250 1818 305 titt

65 404 67 408 ·
144 372 256 430 etomni
272 371 425 427 excolenda
439 358 587 427 est‘iarure
601 371 647 442 pia
662 372 803 427 miseratio
817 371 950 442 Omnipo-
961 372 990 443 Α
1002 372 1058 437 uia,
1073 378 1100 426 ot
1113 372 1203 428 Matris
1218 372 1358 442 iujuriam,
1379 379 1407 429 et
1419 389 1497 429 snam
1511 373 1589 430 diem
1607 389 1715 429 severe
1736 375 1818 430 uiudi'

143 466 238 530 tentis,
249 463 296 536 qui
308 463 380 533 quod
395 463 498 530 ditiqit,
509 465 633 533 corripit,
659 463 778 532 depellet
792 467 880 517 cutem
893 479 951 518 om·
1001 463 1083 528 cavit,
1098 461 1279 528 bominicam,
1297 478 1399 533 nempe
1412 478 1474 518 enm
1491 463 1567 518 diem
1583 468 1700 519 tanturn
1716 465 1817 535 gemm

143 571 201 610 aem
212 555 299 624 tilium
313 569 391 624 quem
405 555 502 622 recipit
517 555 607 619 (Pron.
621 568 660 617 ιιι,
678 553 729 609 lb.
747 552 871 622 benique
887 568 950 621 per·
1000 553 1134 628 religione
1154 568 1262 609 sacrum
1278 553 1432 626 irreligiosa
1448 555 1553 610 mulier
1575 562 1749 621 temeraret,
1770 572 1818 609 ma·

144 644 228 699 mittit
255 643 424 700 diversarum
452 642 565 712 spiritus
592 640 780 696 infirmitatum
814 642 950 696 dominari
1001 642 1083 698 nibus
1096 655 1244 699 retrorsum
1261 643 1330 698 actis
1349 644 1519 715 omninoque
1537 644 1714 712 debilitatis,
1732 660 1819 715 exper-

42 786 49 793 .
144 736 284 791 interdum
304 734 468 806 corporibus
487 733 597 800 nostris,
609 742 639 789 ut
657 735 753 788 saltem
770 732 881 804 proprio
901 733 950 788 ad-

144 828 242 884 moniti
258 828 446 892 incommodo,
462 827 641 883 recordemur
656 826 800 882 clementis
816 828 876 895 eius
888 826 948 883 lou-

92 954 97 964 ·
144 921 326 996 ganimitatis.
348 919 398 983 oui
413 919 436 974 si
456 919 628 974 tutamentis
648 919 803 975 intentione
823 919 882 988 ejus
895 919 948 975 ba-

146 1011 320 1085 nignitatem,
336 1025 385 1082 pro
402 1010 499 1065 eadem
514 1009 740 1065 incommoditate
756 1010 949 1080 imploraveri-

146 1120 217 1170 muS,
234 1104 286 1158 nisi
307 1112 456 1178 augmento
482 1109 581 1157 nostrae
596 1103 694 1157 obesse
710 1102 868 1173 prevident
886 1101 950 1157 ani-

144 1210 206 1260 mae,
223 1193 331 1248 facilem
346 1192 513 1265 singultibus
527 1193 629 1247 nostris
645 1193 722 1247 dabit
738 1192 842 1247 aditum
859 1193 892 1247 nd
910 1209 949 1247 se.

144 1287 250 1344 Gaudet
262 1288 366 1360 quippe
384 1287 419 1342 de
433 1288 516 1343 totius
530 1288 679 1343 creationis
692 1303 749 1342 sure
762 1288 859 1343 salute.
873 1288 951 1353 Quod

144 1377 167 1432 si
182 1377 279 1440 etiam.
298 1378 374 1446 juxta
398 1377 473 1448 quod
491 1377 689 1447 scriptumest,
706 1377 740 1430 ad
763 1377 823 1447 ejus
839 1385 949 1433 saucto-

999 741 1026 790 ta
1041 741 1083 790 est
1097 736 1124 790 iu
1137 737 1229 807 seipsa
1244 752 1298 808 qua
1316 743 1381 791 suut
1395 736 1473 810 digni
1495 752 1580 808 poeua
1601 751 1755 792 sacrorum
1766 738 1819 792 rio·

999 823 1100 880 latores
1125 825 1244 881 dierum.
1274 825 1339 881 Cum
1380 828 1502 884 torsione
1543 843 1664 900 quoque
1692 843 1818 882 manuum

1000 913 1072 968 aliud
1082 914 1187 988 grande
1195 916 1349 987 patiebatur
1360 924 1545 985 tormentum,
1558 917 1710 972 sentiebat
1721 917 1819 989 quippe

1000 1007 1204 1064 intolerabilem
1235 1025 1250 1064 a
1283 1009 1432 1081 digitorum
1461 1011 1682 1083 intercapedine
1714 1028 1819 1067 suorum

1001 1102 1076 1159 exire
1089 1101 1227 1157 ardorem.
1248 1100 1370 1173 Cumque
1391 1103 1535 1159 immensis
1564 1103 1751 1160 cruciaretur
1765 1121 1821 1174 sup·

1002 1194 1104 1266 pliciis,
1131 1194 1283 1250 vicinarum
1303 1194 1412 1250 hortatu
1440 1197 1590 1252 mulierum
1616 1197 1819 1254 monasterium

1002 1291 1127 1362 ingressa
1149 1289 1294 1360 postdiem
1315 1289 1442 1357 alterum,
1463 1306 1556 1347 coram
1577 1293 1673 1348 altare
1702 1292 1752 1347 [lei
1778 1292 1820 1346 Ge-

1001 1378 1212 1445 nitricisastitit,
1229 1378 1318 1449 ipsam
1340 1378 1450 1449 pietatis
1465 1388 1585 1437 matrem
1606 1381 1760 1437 coutinuis
1774 1381 1817 1435 tle-

145 1487 205 1525 rum
221 1471 341 1542 aliquem
365 1475 561 1526 convertantur
584 1471 652 1538 (iob.
673 1486 700 1536 v,
726 1469 763 1540 t),
790 1485 884 1525 vocem
906 1470 948 1524 sui
1000 1469 1091 1525 biliter
1117 1468 1266 1525 obsecrans
1285 1468 1462 1543 singultibus,
1490 1479 1519 1527 nt
1547 1472 1593 1527 sui
1622 1472 1818 1535 misereretur,

145 1557 234 1614 fidelis
242 1559 383 1623 exaudiet,
397 1567 505 1614 nostras
516 1575 612 1629 preces
626 1559 679 1613 sibi
691 1559 844 1631 allegantis.
864 1558 949 1623 Quam
1001 1558 1161 1632 frequenter
1179 1561 1274 1632 utique
1286 1566 1314 1615 et
1337 1560 1443 1616 Patrem
1469 1561 1607 1618 invocans
1624 1563 1818 1622 Benedictum.

144 1659 265 1706 nostram
280 1650 458 1704 assertionem
478 1649 634 1720 approbant
653 1648 768 1704 mirifica
786 1664 880 1719 opera,
903 1665 951 1719 per
963 1677 988 1744 B
1002 1659 1032 1706 ut
1049 1666 1097 1721 pro
1110 1667 1139 1706 se
1155 1651 1349 1707 intercederet.
1364 1652 1498 1708 transitis
1508 1668 1578 1729 ergo
1589 1654 1708 1726 aliquot
1721 1655 1821 1709 diurnis

145 1743 252 1799 Patrem
276 1743 455 1799 benedictum
471 1744 573 1814 saepius
601 1743 682 1799 nobis
695 1750 814 1800 ostensa.
836 1744 950 1810 Quidam
1002 1742 1087 1809 boris,
1108 1743 1236 1799 manibus
1251 1744 1286 1800 ad
1301 1746 1447 1816 pristinum
1465 1747 1591 1802 reductis
1607 1753 1717 1802 statum
1741 1754 1768 1802 et
1782 1763 1822 1801 so·

145 1836 246 1890 etenim
267 1835 355 1890 rirex
379 1836 489 1890 famulis
507 1836 747 1905 ejusdemPatris,
772 1837 952 1892 hrclrembal-
1002 1833 1215 1904 pitoincendio,
1244 1835 1347 1909 gratias
1372 1836 1429 1910 agit
1448 1837 1574 1892 omnium
1598 1837 1746 1893 conditori
1776 1838 1823 1892 heo

145 1925 197 1980 dus
211 1925 342 1990 nomime,
358 1924 699 1981 iraterliildruardirillici
714 1926 747 1980 de
758 1927 838 1982 Braio
848 1927 951 1997 throp),
1001 1929 1184 2002 gloriosaeque
1199 1945 1309 2000 semper
1322 1931 1422 2004 virgini
1437 1931 1540 2000 hiariae,
1552 1930 1729 1987 nullatcnus
1744 1932 1822 1987 oblita

145 2034 205 2089 quaa
223 2025 263 2074 est
278 2018 350 2073 liand
366 2024 570 2073 contemnenda
591 2019 678 2089 ipsius
692 2018 772 2074 ducis
794 2019 952 2074 monasticae
1001 2018 1199 2073 monachorum
1214 2018 1381 2093 legislatoris
1397 2019 1549 2074 benedicti.

143 2110 265 2166 cohortis
290 2110 440 2181 possessio,
463 2111 527 2184 igue
553 2111 770 2166 consumebatur
788 2127 875 2166 sacro.
904 2113 952 2167 llic
1038 2109 1151 2164 Caelii
1186 2112 1378 2167 -Seruornm
1397 2113 1733 2181 ootiqeorumconditto.
1750 2113 1823 2166 Serri

144 2198 252 2254 delatus
273 2199 366 2255 anilla
381 2200 414 2255 ad
433 2199 507 2255 illius
522 2200 706 2255 sacratissima
728 2201 864 2268 membra,
885 2217 952 2257 con-
1001 2201 1081 2268 sepo.
1095 2200 1232 2255 Corticatio
1257 2199 1290 2253 de
1308 2214 1382 2254 seren
1403 2200 1490 2255 duello
1508 2201 1602 2269 finito.
1635 2202 1732 2256 Duelli
1746 2205 1823 2256 ritus.

143 2287 230 2345 tinnis
241 2287 391 2361 gemitibus
407 2287 561 2344 Conditoris
585 2289 706 2344 omnium
723 2305 805 2360 opem
826 2306 875 2361 per
888 2308 950 2346 me·
1002 2289 1169 2345 blemoratus
1184 2289 1271 2344 abbas
1288 2289 1364 2365 lingo
1379 2290 1526 2363 quemdam
1547 2290 1643 2346 virum
1668 2292 1706 2347 de
1727 2291 1824 2346 familia

143 2378 226 2434 ritum
242 2378 285 2433 sui
302 2377 408 2434 domini
422 2378 476 2433 sibi
496 2378 648 2449 implorans
667 2379 807 2451 opitulari,
830 2381 953 2437 velocius
1003 2377 1089 2433 Patris
1105 2379 1258 2443 benedicti,
1274 2380 1387 2435 nomine
1403 2379 1562 2447 letardum,
1579 2379 1736 2437 'hescelino
1759 2397 1821 2435 eon·

143 2487 225 2543 quam
247 2471 384 2541 sperabat,
411 2479 546 2542 exoptatae
579 2471 721 2527 restitutus
745 2479 787 2527 est
814 2473 950 2543 sospitati.
1002 2469 1347 2540 cesseratPetvereusiide
1359 2470 1526 2539 Fidicina),
1543 2476 1650 2526 uttam
1670 2472 1821 2542 ipsequam

143 2563 236 2633 Sopito
250 2577 370 2633 namque
385 2561 526 2627 incendio,
538 2562 585 2634 qul
608 2562 700 2634 [quod]
714 2563 769 2632 jam
784 2563 950 2619 anteriorem
1002 2560 1036 2614 ab
1051 2575 1084 2615 eo
1105 2561 1241 2635 progeniti
1268 2567 1404 2632 perpetuo
1433 2560 1488 2632 ipsi
1516 2562 1732 2617 famularentur
1745 2563 1822 2618 ohse-

143 2654 223 2725 pedis
236 2655 296 2724 ejus
321 2663 530 2726 consumpserat
557 2662 673 2725 partem,
708 2657 839 2713 remearit
864 2673 951 2712 ovans
1001 2649 1067 2721 quio
1095 2649 1200 2706 servili.
1228 2650 1278 2716 Qui
1309 2649 1395 2705 iaetus
1419 2649 1551 2705 dominus
1579 2650 1673 2718 illius,
1702 2651 1820 2707 obtinuit

142 2746 313 2817 adpropria,
339 2746 471 2802 Salsalori
497 2747 553 2802 beo
573 2748 672 2803 devota
692 2765 805 2819 precum
830 2749 950 2805 lundens
1002 2754 1065 2794 eum
1098 2755 1152 2796 1¹⁰¹]
1193 2739 1290 2812 paucis
1331 2739 1441 2794 (liebus-
1486 2739 1694 2811 lsslespellalsss
1736 2750 1821 2796 auten

142 2838 285 2907 libamina,
307 2845 334 2894 et
357 2855 436 2895 suum
454 2847 612 2910 patronum,
636 2842 715 2910 cujus
738 2843 844 2898 meritis
875 2843 950 2900 salu·
1001 2830 1074 2886 idem
1099 2832 1139 2887 vir
1158 2832 1260 2887 nobilis
1287 2838 1351 2904 post
1374 2833 1487 2906 longum
1517 2840 1633 2903 tempus
1663 2850 1681 2888 a
1707 2835 1820 2906 quodam

143 2930 811 3003 tempromeruerat,magnisextolleuslaudibus
999 2939 1113 2987 tumtum
1148 2923 1286 2992 millium,
1315 2925 1454 2999 lssgrflsssso
1483 2923 1626 2991 nomine,
1664 2933 1699 2979 ul
1729 2941 1823 2996 supra·

178 3020 240 3075 cgp,
263 3020 305 3074 lx,
319 3050 353 3059 -
365 3022 467 3076 semite,
495 3021 570 3076 Alter
584 3037 695 3093 quoque
708 3023 805 3077 eadem
821 3025 949 3080 dereptus
1000 3011 1102 3067 dictum
1119 3028 1227 3067 servum
1243 3011 1269 3066 ei
1278 3012 1342 3083 jure
1355 3009 1483 3067 beneficii
1498 3010 1632 3081 donaret,
1646 3015 1761 3069 annuit.
1779 3013 1822 3068 lu·

143 3107 378 3173 incommoditate,
396 3108 510 3178 juvenis
529 3109 652 3179 quidam,
674 3110 708 3165 de
731 3110 949 3184 Transligeranis
998 3118 1122 3178 tirannus
1140 3117 1250 3173 <1¹¹0li11⁰
1265 3102 1374 3170 Oblessb
1395 3099 1453 3157 5¹1⁰
1472 3102 1714 3160 ⁸⁰⁰180mb³rd⁰
1737 3104 1821 3175 lusum

142 3202 275 3273 partibus,
301 3218 316 3256 a
343 3209 428 3256 matre
452 3201 480 3255 in
508 3201 587 3258 asino
612 3202 766 3259 floriacum
791 3204 947 3275 devehitur,
998 3197 1197 3268 possidendum
1218 3196 1339 3269 reliquit.
1356 3197 1455 3252 denuit
1470 3198 1822 3269 autempraelstustetar-

142 3292 189 3365 qui
213 3290 393 3366 vigilantioris
418 3288 484 3345 fidei
511 3307 543 3346 ex
571 3291 625 3346 boc
642 3292 773 3361 probatur
798 3294 946 3364 exstitisse,

141 3383 271 3456 quoniam
293 3399 356 3438 mox
384 3389 414 3438 ut
428 3383 557 3455 cognovit
571 3399 600 3438 se
627 3383 751 3439 comburi
777 3401 854 3440 sacro
871 3402 946 3458 igno,

140 3472 211 3527 nihil
226 3472 371 3545 pigritatus
379 3472 460 3543 petiit
475 3478 588 3528 matram
603 3481 633 3527 ut
644 3472 797 3529 Florianum
811 3474 944 3544 deporta-

140 3571 226 3627 retur,
243 3562 345 3617 lmbere
361 3577 390 3616 se
413 3560 508 3627 fidem,
525 3578 575 3631 per
598 3562 726 3617 meritum
741 3562 827 3617 Patris
853 3564 945 3619 Benc-

139 3656 247 3725 dictipb
260 3657 451 3727 omnipotente
462 3657 578 3712 Domino
587 3657 679 3712 valere
694 3657 802 3713 salvari.
818 3659 874 3714 Nee
883 3676 944 3714 eum

140 3747 238 3803 ieiellit
264 3748 410 3804 laudabilis
425 3764 482 3802 suae
500 3746 566 3802 fidei
594 3748 714 3805 devotio.
739 3751 864 3822 Denique
883 3759 947 3807 ante

139 3856 214 3894 aram
235 3839 363 3914 gloriosae
386 3839 433 3894 ltei
447 3839 593 3895 Genitricis
619 3841 728 3905 allatus,
755 3842 861 3916 absque
876 3844 947 3898 dila-

139 3930 215 3984 tione
236 3931 417 4003 pergratiam
438 3930 561 3999 ejusdem
591 3948 702 4003 semper
717 3933 838 4007 Virginis
862 3936 946 3990 meri-

139 4026 253 4087 tumque
277 4017 314 4087 pii
328 4017 426 4084 Patris,
454 4018 569 4088 integrm
581 4030 658 4087 Juxta
673 4038 750 4077 suam
765 4022 848 4078 iidem
869 4024 947 4079 resti-

141 4112 214 4160 tutus
225 4113 265 4159 est
279 4105 417 4175 sospitati.
442 4106 625 4163 Laetabundus
641 4109 734 4181 itaque
747 4128 808 4166 eum
822 4112 946 4182 jucunda

140 4200 334 4265 rediitmatre,
351 4217 490 4273 quaecum
511 4218 641 4272 moercns,
661 4213 763 4261 etcum
784 4208 861 4281 gravi
882 4225 946 4279 per-

138 4298 232 4347 secuta
251 4291 340 4347 luerat
354 4307 482 4347 moerore.

175 4383 235 4437 Cir,
268 4384 297 4438 x.
314 4414 349 4422 -
375 4385 446 4439 Festi
464 4385 595 4440 oiolotric
608 4390 723 4456 paratim
750 4395 874 4445 scantur.
896 4390 945 4446 Fe-

138 4483 210 4532 stum
224 4476 396 4549 Purgationis
416 4492 527 4548 semper
551 4478 667 4552 virginis
692 4480 780 4536 llariae
800 4482 846 4536 bei
863 4483 944 4557 geni·

139 4566 301 4637 tricisque
327 4566 473 4636 purissima
497 4574 524 4622 et
550 4569 705 4625 castissima
731 4587 816 4642 super
832 4588 942 4627 omnem

140 4657 288 4712 humanam
302 4655 448 4726 puritatem
464 4664 491 4711 et
510 4658 700 4715 castimoniam
717 4676 827 4732 semper
853 4663 941 4719 exsti-

139 4748 181 4814 tit,
210 4746 412 4811 celebrabatur,
445 4758 561 4822 eratque
592 4750 651 4806 dies
678 4752 837 4809 Dominicus
864 4757 944 4823 (orrico

140 4837 227 4893 tote.
253 4836 384 4901 Quadam
414 4853 480 4912 ergo
514 4840 624 4907 mulier,
649 4841 789 4898 'lescelina
808 4844 943 4901 vocabulo

138 4925 229 4981 incola
244 4925 296 4981 vici
313 4924 505 4993 Floriaceusis,
525 4942 637 4998 operam
662 4929 844 5002 impendebat
859 4933 946 4988 lanifi-

137 5016 191 5072 cio.
209 5017 272 5073 llaec
285 5017 519 5087 advesperacente
532 5017 588 5086 jam
606 5019 662 5087 die,
678 5029 810 5092 reputans
823 5031 880 5078 tum
896 5041 944 5081 ce-

137 5108 291 5165 lebritatem
303 5110 390 5182 ipsam
403 5113 570 5185 quumdiem
583 5114 753 5170 dominicum
766 5117 943 5189 praeteriisse,

137 5205 164 5254 et
178 5199 287 5272 aliquas
307 5200 395 5272 ipsius
415 5201 470 5256 diei
491 5201 591 5257 irrorari
610 5203 728 5275 cupiens
748 5206 880 5274 morulas,
898 5223 945 5262 ac-

137 5291 329 5361 capuccium,
346 5291 492 5365 lanamque
512 5309 596 5364 super
623 5310 673 5350 sua
692 5294 831 5350 subtiliter
851 5304 945 5353 exten-

136 5381 205 5437 dens
220 5399 310 5456 genua
326 5399 386 5438 cum
403 5383 516 5442 roriduo
529 5385 695 5456 sputamine,
711 5388 836 5443 eamdem
851 5389 941 5444 colum

136 5473 255 5527 tenuiter
267 5475 325 5545 ipsa
339 5476 402 5531 lana
418 5476 502 5547 coepit
526 5476 677 5533 inuoluere.
700 5477 818 5534 Gerebat
838 5488 940 5542 tameo.

64 5602 67 5612 .
123 5578 230 5621 nesure
244 5579 394 5628 cernerent
416 5571 485 5647 quid
499 5580 595 5653 ageret
610 5572 718 5631 vicinae.
744 5574 797 5630 Sed
824 5575 943 5630 hedam-

105 5655 177 5722 Plor
189 5659 303 5733 mvndi,
320 5664 405 5736 euius
428 5665 521 5726 oculis
545 5666 623 5727 nuda
645 5672 675 5725 et
689 5674 787 5742 aperta
804 5675 874 5726 suut
885 5683 951 5725 om-

998 3291 1049 3348 dus
1065 3290 1161 3359 sitium,
1178 3291 1291 3347 nomine
1318 3291 1491 3347 lietbertum:
1513 3309 1603 3364 quem
1632 3295 1820 3359 lsembardus‚

997 3389 1093 3452 utputa
1108 3382 1248 3452 proprium
1264 3380 1453 3448 vernaculum,
1469 3381 1498 3435 in
1512 3397 1566 3436 sua
1585 3383 1661 3439 aluit
1677 3392 1707 3439 et
1727 3385 1819 3440 edura

996 3471 1036 3529 vit
1063 3472 1156 3528 durno.
1177 3472 1323 3527 lietbertus
1348 3488 1413 3527 uero
1443 3470 1531 3528 sactus
1557 3475 1782 3546 grandiusculus
1809 3493 1821 3531 a

996 3565 1054 3620 suis
1081 3565 1260 3635 comperiens
1285 3563 1468 3638 genitoribus,
1497 3579 1527 3618 se
1543 3565 1580 3621 dc
1601 3565 1716 3622 familia
1741 3568 1821 3622 Patris

997 3667 1120 3714 exortum
1137 3658 1290 3722 Benedicti,
1306 3658 1355 3713 sed
1372 3657 1406 3712 ab
1414 3656 1517 3713 abbate
1527 3661 1714 3730 supradicto,
1728 3672 1759 3717 ut
1770 3663 1817 3716 rite

997 3748 1157 3804 distractum
1168 3747 1347 3819 mancipium,
1359 3746 1487 3814 indoluit,
1506 3742 1685 3805 neediutius
1702 3751 1818 3806 dolorem

996 3844 1038 3898 sui
1053 3843 1139 3898 animi
1155 3843 1267 3899 oculere
1280 3842 1373 3898 valuit.
1387 3843 1467 3897 Facta
1481 3842 1569 3918 igitur
1584 3842 1667 3917 iuga,
1686 3847 1722 3901 ab
1737 3848 1818 3902 isem-

996 3935 1076 3990 bardi
1093 3936 1241 4006 praesertia
1268 3951 1298 3989 se
1312 3934 1457 3991 subtraxit.
1480 3934 1569 3999 Quem
1587 3935 1711 4010 longum
1742 3942 1820 3995 latere

997 4043 1051 4083 non
1065 4028 1171 4095 ualens,
1188 4027 1222 4081 ab
1236 4027 1337 4082 eodem
1363 4027 1475 4082 domum
1492 4027 1642 4096 reductus,
1660 4047 1763 4100 paenas
1775 4033 1819 4086 luit

995 4133 1064 4190 quas
1077 4118 1148 4173 solet
1168 4116 1318 4193 fugitivum
1344 4117 1458 4189 insuper
1472 4127 1658 4177 sacramento
1679 4123 1716 4176 ab
1733 4139 1767 4178 eo
1782 4132 1819 4177 est

996 4213 1136 4279 astrictus,
1152 4228 1188 4266 ne
1203 4212 1344 4268 servitutis
1355 4213 1451 4287 jugum
1462 4212 1498 4267 de
1509 4213 1625 4286 reliquo
1638 4216 1716 4272 serre
1730 4218 1818 4272 detre-

995 4308 1089 4357 ctaret.
1107 4300 1168 4367 ttui,
1185 4301 1316 4372 quoniam
1329 4301 1526 4358 adolescentia
1543 4313 1680 4376 tempora
1699 4309 1814 4363 necdum

955 4398 1159 4493 Dercessorat,
1186 4393 1220 4446 ad
1246 4409 1368 4464 praesens
1385 4392 1472 4460 siluit,
1488 4394 1582 4451 donec
1610 4404 1697 4454 aetate
1720 4415 1815 4472 proce·

995 4485 1078 4539 dente
1093 4484 1165 4539 vires
1180 4484 1334 4559 colligeret,
1360 4485 1462 4556 quibus
1490 4501 1543 4541 suo
1569 4487 1681 4557 injusto
1703 4493 1814 4548 domino

995 4574 1249 4631 resistereraleret.
1280 4577 1423 4647 Postquam
1453 4592 1629 4653 ergogenas
1662 4582 1743 4639 illius
1770 4584 1813 4638 dos

995 4662 1123 4718 vestierat
1134 4663 1299 4731 juventutis,
1316 4664 1417 4735 elapsis
1435 4665 1637 4724 adolescentiae
1655 4669 1755 4728 lustris
1768 4672 1812 4726 ab·

996 4754 1086 4809 batem
1103 4754 1217 4826 expetiit
1232 4755 1406 4811 Guillelmum
1424 4757 1501 4823 (Vid.
1517 4773 1569 4830 cop
1599 4758 1665 4831 25),
1683 4764 1735 4835 qui
1758 4771 1812 4820 tunc

996 4847 1129 4918 temporis
1146 4856 1261 4918 praerat
1276 4848 1516 4915 Floriaceusibus;
1534 4852 1612 4922 apud
1628 4869 1721 4925 quem
1738 4872 1812 4932 ango

996 4957 1053 4996 rem
1068 4942 1110 4996 sui
1124 4943 1216 4999 cordis
1229 4959 1290 4998 cum
1311 4944 1402 4999 anxiis
1415 4944 1565 5015 deponens
1584 4950 1736 5021 suspiriis,
1752 4968 1811 5008 eon-

995 5033 1119 5104 queritur
1137 5034 1172 5088 de
1188 5033 1320 5103 injustitia
1335 5034 1387 5090 sibi
1407 5035 1524 5107 suisque
1543 5035 1634 5095 illata.
1653 5041 1813 5099 Guillelmus

996 5120 1089 5192 itaque
1101 5137 1162 5177 cum
1180 5127 1253 5176 esset
1268 5122 1459 5190 sirstrenuus,
1472 5130 1500 5179 et
1515 5139 1596 5179 suam
1610 5130 1812 5200 rempublicam

995 5229 1105 5284 semper
1130 5221 1308 5284 augmentare
1336 5221 1393 5271 toto
1420 5214 1566 5271 anhelaret
1592 5217 1758 5287 desiderio,
1779 5237 1812 5276 re

994 5304 1142 5375 sponditse
1154 5304 1420 5361 illiusaerumnarnm
1436 5306 1563 5362 misereri
1573 5308 1663 5378 velle,
1671 5315 1813 5385 justasque

994 5394 1120 5465 querelas
1133 5393 1221 5465 ipsius
1236 5394 1301 5450 viris
1317 5393 1502 5465 prudentibus
1518 5394 1612 5465 palam
1632 5398 1746 5469 iacere,
1760 5412 1787 5458 ct
1796 5402 1814 5455 si

993 5502 1048 5558 quo
1060 5496 1140 5557 paeto
1151 5486 1265 5553 valeret,
1278 5487 1439 5558 praesidium
1451 5486 1491 5542 illi
1502 5503 1566 5545 sese
1578 5488 1655 5548 iore.
1667 5493 1813 5568 Comperto

993 5577 1077 5652 igitur
1092 5578 1266 5634 lsembardns
1282 5579 1455 5646 lietbertum,
1472 5596 1556 5651 quem
1571 5598 1660 5640 suum
1675 5588 1813 5660 opinaba-

1001 5676 1047 5729 tur
1061 5687 1243 5727 seruumcsss
1258 5671 1476 5742 quesnellianae
1488 5672 1618 5744 priorum
1636 5679 1814 5738 dominorum
