3720 6014
87 109 140 164 833
556 111 729 170 CHRONICAE
747 114 959 173 POLONORUM.
978 148 1015 160 -·
1033 119 1284 176 rnotecotttttt.
1698 129 1752 186 set

87 241 129 294 vir
148 240 308 296 excellentis
325 241 428 316 ingenii
445 259 476 298 ac
490 244 676 315 praedicandae
691 247 855 314 sanctitatis,
870 247 920 303 scd
939 250 1110 306 uehementis
1129 251 1244 307 nimium
1264 268 1296 308 ac
1316 251 1416 309 lerocis
1439 261 1555 312 naturae.
1582 258 1608 312 ls
1632 258 1754 314 animum

87 331 203 386 tratrem
224 332 401 398 sollicitabat,
418 349 599 390 commonens
612 336 683 393 banc
699 336 838 408 pontificis
853 337 923 394 tutti
937 337 1009 392 circu
1023 339 1180 413 segnitiam
1197 339 1327 396 aliorsum
1348 350 1473 412 spectare
1487 361 1569 416 quam
1589 346 1641 416 ipsi
1657 347 1756 418 opina·

89 431 194 478 rentur.
214 424 259 479 llis
276 431 360 496 atquc
387 426 545 495 hujusmodi
567 429 774 485 sermonibusa
800 431 881 487 beato
898 428 974 484 bullo
990 429 1098 485 animos
1112 429 1225 485 fratrum
1246 431 1386 502 alienavit,
1402 443 1429 490 et
1445 430 1512 490 ituit
1531 439 1682 509 suspicanti
1699 457 1756 498 nen

88 511 256 568 mediocrem
271 512 406 568 insidiam
422 515 561 571 conllavit.
578 517 715 573 Praeterea
731 534 786 575 non
802 517 936 575 mediocri
952 518 1033 574 taedio
1047 518 1104 587 jam
1120 519 1171 574 riri
1191 520 1238 576 llei
1254 520 1427 579 alliciebatur
1440 525 1559 592 animus,
1575 544 1636 583 cunr
1651 530 1757 588 rideret

90 612 129 660 tot
150 613 295 678 tantosque
311 607 419 664 labores
434 625 500 665 sues
513 610 651 667 incassum
668 612 795 682 eillucre,
820 609 965 670 beneficiis
980 606 1111 663 inuidiam
1128 624 1184 664 non
1210 610 1363 683 exstingue
1379 620 1508 669 extremae
1528 632 1593 672 uero
1608 618 1757 677 dementire

90 711 162 762 esse,
183 697 248 751 huic
261 696 322 753 loco
340 703 428 752 tantas
442 715 532 753 rerum
552 700 693 773 impensas
708 703 768 757 sine
784 702 873 758 fructu
889 704 1039 767 insumere,
1060 699 1161 771 quibus
1179 701 1233 756 ulio
1249 701 1276 756 in
1297 703 1357 758 loco
1381 721 1503 775 perennc
1526 707 1682 766 devotionis
1701 728 1758 769 suae

89 795 301 841 monumentum
322 786 408 857 possit
427 794 578 844 exstruere.
593 788 680 845 Locus
704 797 797 846 autem
810 797 868 847 crat
883 791 910 848 in
926 793 995 848 silva
1012 794 1171 861 buchoniae,
1187 796 1231 851 cui
1248 797 1407 855 llcrollolelt
1422 816 1522 857 nomen
1540 802 1643 861 indidit
1663 814 1758 877 poste·

90 879 166 946 ritus,
183 879 345 935 habitationi
367 881 567 936 monachorum
592 895 826 956 peropportunus.
844 886 873 940 lu
893 887 946 943 hec
965 887 1051 942 atinae
1080 889 1211 953 sturmio,
1226 899 1350 962 tempore
1374 909 1428 964 quo
1443 895 1532 966 primo
1551 898 1586 953 ad
1602 901 1754 960 solitariam

90 971 302 1042 silvemtresque
317 971 400 1026 vitam
416 987 477 1027 curn
493 972 601 1029 terrore
616 975 730 1047 spiritus
746 977 915 1048 praecipitem
927 977 1035 1053 agebat,
1056 980 1230 1047 consederat,
1252 997 1283 1036 ac
1297 984 1384 1039 crutis
1396 986 1503 1042 arbutis
1519 1005 1616 1060 parvas
1631 993 1684 1047 sibi
1700 994 1758 1050 lra-

90 1061 234 1133 tribusque.
246 1061 360 1116 cellulas
374 1076 458 1131 opere
468 1062 595 1134 impolito
610 1071 812 1132 construxerat,
822 1081 977 1138 novemque
993 1082 1080 1122 annos
1093 1068 1149 1137 jam
1163 1068 1201 1123 ibi
1215 1071 1363 1127 evolverat.
1376 1074 1429 1128 Sed
1442 1074 1554 1132 beatum
1571 1080 1755 1148 bonifacium,

92 1152 156 1208 lieet
169 1166 296 1205 amuranus
315 1148 368 1206 loci
395 1146 463 1206 situs
476 1151 601 1208 alliceret
615 1162 643 1209 et
655 1170 734 1225 aquae
749 1154 951 1226 opportunitas,
968 1157 1083 1215 offendit
1097 1168 1188 1215 tamen
1204 1161 1274 1218 latus
1293 1164 1450 1240 contiguum
1466 1168 1629 1239 saxonibus,
1641 1174 1687 1246 qui
1708 1176 1759 1231 ed·

91 1243 146 1297 lruc
161 1239 276 1312 paganis
296 1240 396 1294 ritibus
411 1241 584 1308 tenebantur,
602 1247 630 1296 ct
644 1241 809 1314 plerumque
827 1243 856 1296 in
872 1241 1023 1300 Christiana
1037 1248 1098 1303 loca
1117 1250 1209 1304 caedes
1229 1251 1372 1306 lxounnum
1387 1262 1414 1309 et
1429 1257 1662 1328 depopulationes
1675 1281 1759 1338 agro·

93 1349 152 1388 rum
169 1349 224 1388 non
240 1333 363 1389 modicas
379 1333 490 1389 dabant.
513 1334 546 1390 Ut
563 1334 647 1408 igitur
671 1337 742 1390 lianc
757 1336 1012 1395 incommoditatem
1026 1343 1188 1411 eraderent,
1214 1346 1296 1400 altius
1310 1346 1337 1401 in
1358 1349 1524 1407 lloclroniam
1542 1356 1701 1414 tendentem
1717 1361 1758 1417 lu-

93 1439 168 1487 cum,
189 1437 243 1495 quo
264 1438 338 1478 nunc
361 1422 498 1479 Fuldcnse
520 1425 718 1481 monasterium
744 1427 924 1499 conspicitur,
952 1441 1165 1504 occupaverunt.
1196 1436 1283 1493 Locus
1307 1448 1397 1494 autem
1420 1441 1610 1501 llcrreldensis
1633 1449 1758 1508 tradente

92 1513 174 1568 beato
190 1510 331 1568 Bonilaciu
346 1512 373 1566 iu
391 1513 532 1584 proprium
545 1515 631 1571 cessit
643 1522 738 1572 sancto
755 1515 842 1584 bullo,
859 1518 905 1590 qui
923 1520 980 1589 jam
992 1530 1056 1579 tunc
1070 1524 1183 1583 lorsitan
1197 1529 1377 1583 construendi
1397 1529 1454 1586 illic
1468 1537 1629 1590 monasterii
1645 1537 1759 1595 deside·

94 1606 165 1660 rium
181 1605 273 1660 auimo
288 1612 465 1677 conceperat.
482 1607 512 1661 ln
528 1607 601 1663 bunc
620 1623 687 1682 ergo
704 1608 792 1664 locum
810 1625 907 1666 omnes
920 1614 1014 1684 copias
1029 1632 1093 1671 suas
1109 1617 1196 1681 dedit,
1211 1635 1342 1691 scopere
1361 1622 1417 1697 egit
1435 1624 1551 1681 succisis
1563 1628 1702 1699 profusius
1715 1648 1760 1687 ar·

93 1696 192 1763 bustis,
204 1702 233 1751 ut
246 1695 389 1767 amplioris
400 1696 558 1752 monasterii
574 1696 707 1752 tratribus
721 1697 815 1754 laxans
829 1700 959 1771 spatium,
975 1703 1121 1777 ipsumque
1138 1707 1289 1763 cultoribus
1302 1709 1429 1781 aediliciis
1446 1721 1587 1772 exstruere
1611 1735 1761 1795 aggressus

92 1789 137 1855 sit,
154 1789 286 1861 breuique
301 1795 424 1859 tempore
440 1788 625 1846 llcrscldeusc
639 1805 740 1845 nomen
756 1790 783 1845 in
800 1791 965 1849 immensum
978 1798 1074 1872 gloriae
1085 1815 1117 1855 ac
1131 1800 1332 1874 magnitudinis
1351 1803 1462 1860 culmen
1475 1809 1571 1863 evasit.
1583 1809 1649 1865 Cum
1664 1821 1756 1868 autem

93 1881 192 1936 beatus
205 1882 299 1937 bullus
314 1881 348 1936 ab
363 1882 477 1938 exordio
490 1883 556 1951 jacti
570 1883 744 1940 fundamenti
758 1885 903 1941 eeclesiam
926 1887 1086 1943 monasterii
1102 1887 1191 1942 ircatis
1209 1889 1340 1960 apostolis
1353 1891 1459 1948 Simoni
1476 1902 1503 1950 et
1531 1898 1650 1956 Tbadaeu
1665 1902 1762 1957 attitu-

94 1970 188 2039 lasset,
204 1972 329 2044 angelica
341 1972 370 2026 in
385 1974 490 2030 somnis
501 1989 566 2030 voce
579 1983 622 2030 est
636 1974 848 2044 admonitus-ur
860 1992 962 2051 corpus
977 1976 1048 2031 beati
1065 1975 1197 2031 Wicbcrti
1212 1992 1245 2033 ea
1259 1979 1428 2035 transterrct.

781 2259 852 2300 tuno
873 2258 969 2299 uolutat
990 2259 1076 2299 ttcxtt.

105 2390 855 2550 CHRONICAE
899 2393 1759 2559 POLONORUM

838 2632 1026 2691 uetuerunt

285 2764 325 2851 J.
360 2764 826 2856 SZLACHTOWSKI
860 2767 937 2855 ET
970 2769 1025 2854 ll.
1062 2766 1304 2857 KOEPKE
1336 2769 1428 2856 PH.
1466 2770 1562 2857 DD.

401 2946 491 3016 (Apud
508 2946 601 3014 Punrz,
617 2948 789 3004 Menumcnto
808 2948 956 3005 Germania
970 2949 1112 3018 trieterica,
1129 2950 1229 3021 Script.
1247 2956 1265 3006 t.
1283 2950 1327 3017 tlt,
1344 2967 1369 3021 p.
1387 2951 1460 3023 418.)

601 3227 1270 3357 PROLEGOMENA

135 3437 262 3490 Alaleisos
276 3437 380 3490 centurn
394 3433 654 3501 arcnosGodotrcdus
669 3435 804 3504 Leraniclt
819 3433 903 3490 Gltro·
916 3433 1072 3507 Atlantici
1087 3433 1184 3488 Gallici
1205 3447 1299 3486 nonran
1316 3432 1365 3504 (Ι),
1393 3433 1450 3496 scd,
1468 3433 1612 3489 dolendam
1630 3451 1696 3491 sarie
1713 3443 1762 3502 est,

98 3511 179 3563 nicea
189 3508 353 3562 Polonorum
366 3507 506 3576 primusin
521 3506 605 3561 lucem
621 3507 719 3570 emnil,
735 3505 807 3574 quad
824 3508 903 3561 Mar·
956 3519 1016 3573 quoe
1034 3504 1131 3558 laudat
1142 3504 1224 3558 cerda
1242 3504 1328 3569 illius,
1345 3506 1374 3557 in
1392 3507 1493 3559 nostris
1508 3506 1644 3560 codicibus
1658 3524 1712 3563 iren
1726 3510 1764 3564 le-

98 3584 155 3634 tina
166 3579 274 3633 auidum
283 3578 359 3632 Gallo
371 3576 569 3631 uindicandum
583 3591 637 3630 csse
650 3578 703 3630 sibi
714 3577 905 3646 persuadebat.
956 3580 1069 3641 quatur.
1090 3575 1156 3640 Quis
1174 3589 1236 3628 ecre
1259 3575 1311 3630 tali
1328 3578 1488 3630 auctoritate
1515 3579 1671 3632 inuitatur?
1698 3580 1764 3635 Cum

77 3697 82 3703 .
103 3654 192 3719 Neque
204 3651 284 3704 taliter
296 3649 441 3703 videbatur
454 3647 555 3702 editori
564 3649 706 3716 posteriori
719 3649 740 3702 l.
757 3649 787 3702 V.
803 3647 906 3703 Bandt-
956 3649 1042 3713 iqdur
1055 3647 1157 3700 codices
1167 3650 1255 3700 rmstri
1268 3661 1351 3727 neque
1364 3662 1446 3700 unum
1457 3663 1542 3717 neque
1557 3650 1673 3704 alterum
1693 3651 1764 3705 illud

101 3723 155 3786 lrio,
167 3724 215 3791 qui
226 3722 296 3775 idem
312 3722 461 3778 Geronteon
479 3734 512 3774 ca
526 3720 697 3788 locupletiore
715 3718 804 3773 cadim
816 3723 908 3774 nostro
957 3733 1053 3772 rromcn
1067 3718 1221 3780 celtibeant
1234 3718 1383 3786 rejicienda
1395 3724 1457 3773 sulit
1472 3720 1570 3783 amde;
1590 3736 1677 3790 neque
1690 3723 1764 3778 Galli

102 3795 196 3848 sacruto
211 3793 315 3861 publici
325 3792 399 3860 tetris
413 3792 488 3857 fecie
499 3795 612 3860 postque
623 3807 665 3844 cos
677 3790 749 3844 idem
762 3805 857 3845 nomen
872 3791 907 3845 ab
957 3804 1054 3844 rrorracn
1066 3789 1233 3843 retinendum
1248 3790 1392 3844 uidebatur
1403 3791 1434 3843 ob
1448 3805 1537 3859 pauca
1550 3791 1703 3858 illocale,
1719 3809 1764 3849 rc-

102 3866 224 3919 omnibur
235 3866 304 3918 airis
317 3864 402 3917 doctis
416 3866 559 3931 repetitum
571 3866 619 3926 cst,
635 3864 685 3931 qui
698 3863 906 3918 Potonorumrcs
957 3863 1073 3915 centiorc
1089 3876 1173 3914 manu
1187 3865 1312 3924 exarata,
1329 3876 1390 3930 qua
1408 3863 1438 3915 in
1458 3862 1547 3916 codiee
1567 3864 1765 3931 llcilsberqerni

97 3937 303 4005 antiquissimas
321 3934 504 3989 illustrandos
514 3935 568 3988 sibi
582 3938 761 4003 sumpserunt.
779 3933 831 3989 Sed
852 3948 908 3988 nen
954 3931 1013 4000 jam
1035 3932 1173 4001 deperdito
1201 3932 1358 4000 tenebantur
1372 3932 1420 3999 (2),
1446 3935 1577 4002 nequead
1604 3939 1763 3992 marcionem

98 4023 163 4061 sarra
186 4007 261 4076 jure.
282 4008 352 4062 Nam
375 4020 460 4074 neque
474 4006 589 4061 Martini
615 4020 700 4075 neque
720 4005 793 4060 Galli
812 4019 907 4059 nomen
957 4003 1032 4071 apud
1057 4004 1125 4057 alios
1142 4003 1302 4058 Polanorum
1319 4007 1461 4074 scriptores
1476 4009 1540 4059 unte
1566 4007 1763 4073 Lcnqraicltium

96 4083 169 4133 stare
183 4082 278 4147 po'est,
294 4092 381 4132 cuma
395 4076 588 4131 recentioribus
596 4076 774 4146 scriptoribus
788 4076 903 4141 tradita,
955 4075 1060 4141 tactam
1071 4075 1116 4140 t3).
1134 4077 1204 4131 Num
1219 4075 1266 4129 illo
1281 4077 1366 4130 altero
1379 4078 1488 4129 aornim
1505 4078 1564 4130 sirie
1576 4077 1658 4132 dubio
1671 4085 1763 4134 amte-

96 4150 221 4205 omnibus
236 4149 334 4218 quidus
348 4149 413 4217 tldes
429 4147 554 4204 labenda
571 4153 611 4202 est
624 4147 832 4203 auctoritatibus
861 4162 904 4201 ca·
953 4147 1120 4214 rispatriam
1135 4147 1256 4200 indicare
1270 4149 1422 4200 uoluerunt.
1440 4146 1558 4201 Sedltac
1575 4151 1657 4202 ctiam
1670 4150 1764 4218 depa-

96 4227 183 4275 reant.
205 4222 324 4276 Ruenim
349 4219 432 4288 paulo
447 4221 600 4274 accuratius
626 4220 791 4284 acuminata,
819 4232 904 4272 unum
954 4219 1131 4287 triaquastio
1146 4233 1197 4272 noir
1211 4220 1352 4272 minuscst
1366 4218 1479 4271 cesaria
1502 4220 1632 4287 quamde
1655 4224 1763 4274 neminie

98 4297 203 4346 tuntum
217 4293 334 4345 irruentes
347 4291 518 4360 presidium,
538 4290 621 4359 idque
643 4290 691 4345 loc
704 4290 760 4345 mco
783 4292 812 4344 in
830 4304 905 4344 sum·
953 4286 1011 4341 illc.
1030 4290 1061 4342 ln
1076 4291 1135 4359 ipso
1150 4291 1221 4342 cuim
1240 4290 1307 4342 libro
1327 4289 1442 4342 tenebris
1456 4290 1507 4342 uia
1520 4288 1696 4356 dispellcadis
1712 4307 1761 4346 aaa·

96 4380 169 4418 raam
184 4363 379 4417 dubitationem
401 4364 497 4416 merito
515 4361 673 4426 occandum,
702 4361 905 4430 quodancsen-
953 4364 1011 4413 ctor
1028 4360 1177 4415 niddense
1192 4363 1305 4419 lauisse:
1320 4374 1458 4428 nusquam
1472 4360 1640 4428 quiescerit,
1660 4363 1763 4417 celabi

97 4437 212 4489 tentiam
222 4434 346 4488 nenrrutli
359 4435 430 4487 tueri
439 4447 518 4502 posse
538 4432 593 4486 sibi
604 4432 766 4487 videbantur
778 4448 786 4495 ;
800 4436 839 4486 est
857 4432 905 4486 loc
955 4434 1178 4484 terrorumnatus
1189 4432 1234 4495 sil,
1246 4431 1347 4500 apertis
1356 4429 1445 4483 ambis
1458 4430 1584 4484 tradidit.
1604 4432 1762 4489 Unumucro

99 4508 234 4573 bluqossi,
248 4520 337 4560 rerum
351 4505 538 4558 Poloaicarum
552 4504 691 4572 scriptoris
705 4503 796 4557 scotti
808 4503 906 4557 deduci
954 4506 994 4556 cst
1012 4502 1082 4571 quod
1095 4502 1179 4556 nullis
1187 4500 1403 4556 dubitationibus
1413 4501 1524 4555 conuelli
1534 4505 1630 4570 potest,
1643 4505 1760 4560 Polonus

98 4579 405 4647 quinti,testimonium.
429 4577 528 4630 Verum
551 4578 601 4642 est,
616 4574 715 4643 tepitur
735 4573 810 4642 apud
835 4574 906 4628 bunc
955 4588 1008 4627 nan
1019 4577 1086 4640 nat,
1104 4571 1478 4642 quodipseaerbisprebauit
1491 4573 1548 4628 lucc
1561 4573 1762 4634 cementaria

889 4697 996 4754 NOTAE.

135 4813 170 4885 (l)
186 4810 309 4885 blagoss.
335 4811 401 4866 llist.
431 4809 539 4876 l'olon,
554 4808 599 4864 ed.
617 4807 703 4879 lips,
725 4807 746 4873 l,
773 4806 822 4862 36:
850 4809 902 4862 ltu
916 4809 1046 4877 [tentam
1062 4819 1132 4860 esse.
1157 4805 1224 4860 Aliis
1239 4805 1369 4862 llartinus
1391 4806 1437 4863 ille
1456 4806 1575 4864 Gallicus
1593 4824 1648 4866 non
1663 4819 1761 4869 auctor

97 4902 152 4940 cem
165 4900 254 4938 eorum
265 4884 335 4939 Lecti
350 4896 490 4952 superasse
503 4884 641 4936 Martinus
660 4879 781 4934 Gallicus
809 4883 903 4933 auctor
953 4876 1039 4932 nostri
1053 4876 1191 4944 chronici,
1204 4877 1254 4931 scd
1271 4878 1341 4933 alius
1355 4879 1468 4950 quidam
1482 4880 1625 4936 videbatur
1635 4896 1707 4937 esse.

98 4962 145 5011 est.
162 4956 182 5020 l,
202 4957 237 5009 65
248 4973 255 5009 :
268 4956 399 5013 Nonraulli
411 4957 534 5008 assertant
547 4953 617 5006 lunc
631 4950 775 5006 tastonam
787 4953 901 5022 inpre-
988 4949 1024 5019 (lt
1040 4948 1120 5002 Teste
1137 4948 1307 5020 Leuqnicbio
1323 4949 1349 5003 in
1370 4949 1458 5006 trente
1475 4950 1695 5026 ileilsbergensis
1709 4968 1759 5010 co-

98 5030 135 5083 lio
149 5043 207 5082 cum
223 5028 325 5084 casare
338 5025 437 5080 Karolo
447 5025 546 5092 ltaque
558 5025 626 5078 inito
636 5024 739 5077 uictum
755 5024 903 5078 etoccisum
953 5019 1023 5074 dicis
1038 5019 1098 5073 baec
1116 5018 1294 5092 legebantur:
1315 5021 1408 5077 Gallus
1427 5023 1497 5077 lianc
1522 5024 1663 5078 distortam
1687 5029 1758 5084 scri-

98 5115 170 5160 csse;
185 5102 227 5152 ita
240 5103 309 5152 enirn
321 5099 429 5168 repperi
448 5097 594 5150 Martinam
609 5093 741 5149 Gallicum
749 5093 816 5148 deco
830 5094 902 5148 scri·
951 5093 1019 5162 psit.
1028 5091 1174 5145 mortuellus
1188 5094 1322 5160 utopinor
1336 5095 1449 5163 aliquis,
1465 5098 1496 5147 ut
1510 5111 1544 5149 err
1548 5097 1685 5164 praemiis
1700 5112 1763 5153 con·

97 5174 191 5240 psisse.
213 5169 317 5224 Scmler
339 5170 368 5222 iu
394 5166 662 5222 animadversionum
676 5164 710 5218 ad
731 5164 902 5236 antiquiores
950 5163 1036 5233 jicere
1055 5162 1126 5226 licet,
1152 5164 1200 5231 qui
1218 5164 1336 5218 boleslai
1356 5166 1431 5218 tertii
1446 5168 1559 5235 tempore
1576 5168 1670 5222 uiuit..
1687 5166 1718 5223 lit
1733 5169 1761 5224 iu

99 5257 190 5296 rerum
219 5239 409 5295 Potonicarum
436 5237 588 5310 specimine
612 5236 640 5290 in
667 5235 742 5290 Actis
763 5234 904 5292 societatis
952 5232 1027 5288 linc:
1047 5234 1191 5302 Hucusque
1209 5232 1312 5315 Gallus.

98 5305 901 5378 lublonovianaedeSlavisLeclroCzeclruquebips.t772,
987 5304 1027 5374 (3)
1050 5305 1077 5356 lt.
1104 5303 1238 5375 Paproeln
1264 5320 1291 5358 m
1321 5306 1479 5362 librollerb
1521 5309 1763 5377 rycerztwaPols·

99 5401 126 5455 p.
156 5387 190 5438 30
205 5398 278 5453 sqq,
299 5381 455 5435 observavit
468 5379 554 5434 rerba
569 5393 630 5451 quae
649 5393 665 5431 a
688 5376 820 5453 blugosso
837 5374 905 5431 alle-
956 5375 1037 5448 ltiego
1054 5374 1158 5429 limitata
1175 5375 1249 5457 ‚test
1263 5375 1315 5431 sub
1327 5392 1396 5434 uoce
1410 5324 1496 5434 Orici
1505 5379 1593 5434 edidit
1602 5394 1713 5437 carmen
1725 5381 1761 5439 de

98 5464 198 5511 rantur
217 5469 250 5508 ex
275 5451 434 5506 Ellebardo
460 5449 514 5506 805
537 5466 599 5505 esse
619 5448 768 5521 descripta,
791 5456 820 5503 et
840 5445 905 5503 blu-
956 5456 1044 5502 morte
1065 5445 1183 5501 Bolcslar
1208 5447 1228 5513 Ι,
1257 5447 1301 5514 lb,
1321 5456 1349 5504 et
1375 5448 1540 5504 cantilenam
1561 5451 1589 5505 in
1609 5450 1764 5510 boleslaum

99 5541 213 5601 possum
225 5523 419 5595 interpolatum
433 5521 581 5592 quemdam
598 5519 705 5576 llartini
723 5519 848 5577 codicem
860 5534 907 5576 so·
956 5517 1066 5574 tertium
1082 5517 1129 5585 ΙΙΙ,
1146 5517 1190 5585 tt,
1206 5518 1252 5585 ts,
1263 5518 1307 5587 ll,
1324 5534 1440 5596 querum
1455 5527 1604 5577 auctorest
1618 5521 1643 5577 ei
1659 5539 1764 5601 oncup-
