3720 6014
547 187 588 242 llll
608 185 721 241 blunt:
736 184 777 240 ET
794 183 858 239 lNll.
880 183 909 238 S.
930 179 1055 238 caucis.
1076 210 1111 221 -
1130 179 1193 235 tls.
1215 178 1248 234 ll.

517 469 739 563 ruerem
761 467 948 583 'urana
981 465 1281 556 succubus

662 676 703 731 ue
724 673 921 731 luventwllti
941 673 967 729 S.
989 671 1117 729 caucis

336 899 441 956 eleut
458 899 597 955 talabot,
882 896 1021 971 Agratia
1044 910 1106 968 quae
1133 896 1195 949 data
1224 902 1266 949 est
1287 893 1345 960 uui,
1365 891 1481 948 dabatur
1508 891 1633 964 utrique:
1653 891 1730 957 dum,

63 995 146 1047 licata
173 992 287 1058 Helena,
313 992 425 1062 ejusque
441 992 515 1062 filius
534 992 726 1047 Constantinus
745 991 870 1059 Macrine,
922 985 994 1039 sicut
1018 984 1143 1056 utrisque
1170 983 1291 1038 cmleslis
1320 981 1504 1052 inspiraverat
1534 981 1624 1047 Pater,
1647 978 1730 1034 fidem

288 1066 368 1119 “9⁰⁰
387 1063 505 1119 obtinuit
517 1065 646 1132 timiama
921 1095 1003 1150 quam
1020 1079 1189 1150 praedicabat
1204 1077 1287 1145 lilius,
1309 1076 1469 1149 praedicavit
1489 1084 1516 1132 et
1540 1084 1637 1132 mater.
1665 1075 1730 1130 Cum

100 1168 228 1234 Quamvis
259 1184 315 1226 1¹0ss
340 1169 428 1240 possit
442 1184 505 1226 esse
530 1167 703 1242 incognitum
716 1167 791 1240 quod
810 1174 873 1238 post
922 1175 995 1229 euim
1008 1191 1058 1246 pro
1073 1174 1217 1246 capiendis
1237 1172 1395 1228 honunibus
1409 1188 1458 1227 sua
1471 1172 1619 1244 utrobique
1631 1170 1729 1227 tende·

64 1259 223 1330 passionem
240 1259 349 1314 bomini
365 1258 470 1333 lignum
490 1257 662 1314 uominicum
678 1257 809 1312 asanais
824 1257 872 1312 diu
923 1273 983 1321 rent
998 1267 1076 1332 retia,
1094 1265 1227 1322 conunuo
1256 1265 1291 1320 aa
1307 1263 1387 1319 fidem
1413 1263 1509 1318 christi
1529 1264 1615 1319 noma
1639 1263 1730 1318 traue-

63 1357 121 1404 0l³²
140 1348 345 1416 ⁸b⁵⁰0¹ldilllmr
360 1347 473 1422 dignum
496 1353 590 1402 tamen
613 1353 656 1402 θὸῑ
675 1354 704 1401 ¹¹¹
718 1346 752 1401 ad
773 1346 872 1418 praedi-
923 1359 1037 1413 baluret
1052 1357 1163 1413 Graecia.
1186 1358 1301 1428 Insuper
1313 1357 1407 1420 etiam,
1422 1372 1457 1410 ne
1476 1355 1590 1410 aliarum
1606 1354 1729 1428 gentium

61 1439 178 1496 caudam
210 1441 336 1511 ejusdem
369 1440 561 1496 sacratissime
589 1438 680 1496 crucis
702 1439 869 1506 victoriam,
920 1448 1348 1522 eorda‚quasiafidejej11na‚
1377 1447 1528 1503 delicerent
1554 1447 1581 1501 jn
1604 1449 1658 1513 eja,
1679 1464 1730 1518 pes

61 1533 173 1604 quando
188 1534 232 1590 vel
249 1549 334 1606 a(11¹0
347 1533 460 1590 inlini&
474 1533 519 1600 Sil,
537 1548 697 1589 s⁰V0⁰⁰¹¹1¹S
711 1532 745 1587 fid
760 1548 872 1589 melm-¹
921 1551 1034 1599 matrem
1049 1558 1181 1599 conversa
1202 1549 1243 1596 est
1264 1542 1352 1613 Syria,
1370 1547 1398 1595 el
1411 1555 1460 1611 per
1479 1539 1565 1594 filium
1586 1539 1729 1594 Romania.

62 1624 143 1681 riam.
154 1625 238 1681 Beata
250 1625 334 1701 igitur
345 1624 629 1681 llelenaTrevirorum
646 1623 785 1696 quondam
796 1623 869 1679 iudi·
921 1632 1009 1700 Unde,
1034 1648 1095 1687 cnm
1109 1647 1142 1686 ex
1158 1641 1210 1684 lam
1229 1629 1309 1685 bonis
1323 1628 1466 1700 operibus,
1488 1633 1515 1681 et
1530 1633 1618 1681 mater
1644 1626 1730 1697 proba

59 1733 129 1792 gena
147 1718 277 1786 civitatis,
300 1725 362 1790 post
389 1718 504 1794 gratiam
532 1717 709 1790 baptismatis
739 1717 871 1788 operibus
920 1731 992 1778 esset
1007 1730 1034 1778 et
1050 1721 1123 1776 tilius
1142 1720 1257 1792 probus,
1272 1720 1371 1774 mirum
1396 1735 1451 1775 non
1471 1724 1512 1773 est
1533 1717 1607 1789 quod
1632 1717 1729 1791 gratia,

60 1810 145 1881 coepit
163 1810 294 1867 insudare
310 1811 432 1882 pietatis,
453 1811 518 1883 quia
532 1825 593 1867 curn
610 1809 731 1882 perlecta
750 1810 780 1864 in
803 1808 868 1876 lide,
920 1833 982 1889 qnae
999 1824 1105 1872 servata
1118 1823 1159 1871 est
1172 1814 1230 1878 uni,
1242 1821 1367 1869 servatur
1378 1813 1526 1878 ambobus,
1541 1812 1607 1866 dum
1621 1827 1670 1883 pro
1685 1812 1730 1865 in-

61 1913 89 1960 et
104 1904 255 1978 perfectior
281 1907 307 1961 in
324 1906 468 1974 charitate,
488 1905 590 1962 nobilis
613 1912 671 1961 erat
691 1921 805 1981 genere,
820 1905 870 1961 sed
921 1905 1058 1978 quirendo
1074 1903 1205 1974 mysterio
1220 1901 1287 1975 ligni
1304 1901 1431 1957 salutaris
1456 1901 1583 1972 utrisque
1596 1916 1656 1971 prae
1671 1916 1728 1956 cae-

61 1993 183 2049 nobilior
196 1994 350 2050 sanctitate,
362 1994 509 2051 Nobilitate
520 1994 621 2049 etenim
637 2009 744 2049 morum
757 2009 869 2050 suorum
921 1994 988 2048 teris
1002 1999 1109 2048 seruata
1123 1999 1164 2046 est
1178 1990 1265 2066 gratia
1284 1990 1442 2063 singularis.
1464 1990 1501 2044 Ex
1516 1989 1638 2062 autiquae
1653 1989 1728 2044 cuim

62 2081 234 2138 nobilitatem
270 2082 446 2154 praecellebat
473 2082 599 2149 aliorum,
628 2081 720 2138 sciens
742 2082 872 2139 videlicet
923 2079 1632 2139 Divinitatisconsilioinvenieudaecrucisolfieium
1650 2080 1729 2136 matri

61 2173 126 2246 quia
145 2175 204 2230 baec
218 2182 260 2231 est
273 2175 401 2231 nobilitas
417 2174 582 2242 indubitata,
594 2190 656 2246 quae
679 2174 761 2230 bouis
786 2174 870 2230 mori·
922 2177 984 2232 huic
999 2175 1160 2231 serrabatur
1179 2181 1206 2229 et
1232 2173 1300 2238 lilio,
1323 2180 1353 2229 ut
1380 2179 1494 2244 uterque
1509 2187 1604 2227 eorum
1626 2170 1678 2227 boc
1694 2186 1727 2226 ex

60 2262 113 2317 bus
127 2263 259 2332 probatur
273 2270 379 2319 ornata.
396 2262 474 2318 Unde
490 2269 517 2318 et
533 2279 565 2318 ex
585 2263 692 2318 semiue
709 2272 868 2318 senatorum
920 2268 1015 2322 divina
1036 2266 1123 2340 gratia
1152 2263 1311 2336 percepisse
1335 2279 1364 2317 se
1391 2270 1493 2330 nosset,
1519 2262 1593 2334 quod
1620 2267 1684 2316 ante
1698 2279 1729 2316 se

61 2353 195 2410 nobilium
215 2353 338 2412 nobilem
368 2355 515 2426 quemdam
534 2355 678 2429 generavit
704 2353 801 2420 filium,
822 2354 869 2427 qui
920 2355 991 2411 alius
1007 2355 1108 2410 babere
1129 2369 1185 2409 riou
1201 2361 1304 2425 posset.
1327 2351 1414 2420 llnde,
1435 2367 1496 2407 cum
1518 2351 1610 2407 studio
1627 2350 1728 2405 ambo-

60 2448 214 2503 secuudum
243 2446 380 2504 luminare
395 2447 495 2517 majus,
514 2448 598 2519 'quod
623 2448 733 2503 videtur
753 2462 870 2519 praeesse
921 2467 980 2505 rum
1001 2450 1141 2504 inventum
1156 2448 1192 2502 sit
1223 2445 1313 2501 crucis
1341 2444 1491 2501 uominieae
1510 2445 1653 2512 vexillum,
1679 2444 1730 2497 du·

63 2534 131 2603 diei,
147 2535 282 2606 splendor
297 2534 348 2592 luit
371 2535 480 2607 imperii
501 2536 529 2591 in
545 2536 664 2607 hisquae
680 2542 758 2591 erant
775 2534 870 2591 saeculi
921 2542 996 2596 bium
1012 2548 1056 2595 est
1067 2547 1155 2595 utrum
1171 2538 1198 2594 in
1220 2539 1271 2593 hac
1286 2537 1447 2593 inventione
1462 2536 1535 2592 illam
1552 2535 1730 2608 praeleramus

61 2632 89 2681 el
105 2625 132 2680 in
150 2624 194 2680 uis
209 2625 327 2701 quaellei
354 2625 535 2696 Quapropter,
550 2632 580 2679 ut
593 2624 685 2679 diviua
700 2624 752 2679 sibi
768 2640 870 2696 praeor-
920 2636 966 2684 aut
981 2629 1072 2683 illum:
1097 2627 1215 2681 inanime
1231 2643 1291 2681 cum
1308 2625 1342 2680 ad
1356 2626 1427 2680 lianc
1450 2623 1656 2696 inquisitionem
1674 2631 1728 2677 tarn

64 2714 169 2768 dinavit
184 2714 300 2779 sanctio,
316 2728 372 2768 nou
389 2713 541 2786 incongrue
556 2711 779 2768 Constantinusa
795 2711 868 2769 Con·
920 2717 967 2772 diu
981 2717 1022 2771 eis
1049 2725 1122 2772 esset
1145 2714 1318 2770 consiliarius
1344 2730 1416 2768 uuus
1437 2730 1469 2768 ex
1485 2712 1571 2780 mille,
1587 2728 1729 2783 usquequo
1750 2782 1756 2788 ι

64 2812 155 2860 stante
171 2804 320 2860 vocabatur
333 2811 360 2859 et
371 2803 538 2870 Constantio,
554 2804 675 2875 seipsum
688 2803 793 2859 scilicet
805 2820 870 2876 erga
920 2807 953 2860 ud
967 2805 1093 2862 ellectum
1109 2806 1234 2875 ejusdem
1260 2805 1353 2877 operis
1373 2805 1420 2859 illa
1435 2804 1608 2875 praevenisset
1623 2819 1655 2856 ac
1671 2802 1728 2857 ille.

60 2894 147 2949 Deum
176 2893 307 2964 “laterem
331 2891 511 2948 ⁶01¹⁵l³1¹li⁸ffl
539 2892 643 2946 habere
666 2891 867 2957 d0m⁰ll⁵ll³¹¹⁵2
922 2897 972 2953 l’cr
989 2898 1127 2952 internum
1141 2896 1215 2951 enim
1235 2896 1424 2968 inspirationis
1445 2894 1592 2950 uominicae
1606 2908 1729 2959 suasum,

60 3000 143 3056 quam
160 2985 245 3040 iidem
264 2992 393 3056 parentes
420 2984 463 3040 sui
491 2983 665 3041 Constantius
684 2985 798 3040 baberet
822 2993 870 3038 aut
920 2988 1009 3044 eidem
1023 2987 1174 3043 inventioni
1191 2985 1266 3041 iilius
1287 2986 1403 3057 prebuit
1415 2991 1516 3050 ortum,
1536 2990 1564 3039 et
1582 2991 1669 3039 mater
1683 2999 1730 3038 uc-

62 3077 204 3133 Constans.
236 3078 290 3133 Sed
304 3078 369 3133 licet
397 3078 551 3133 secuudum
580 3077 745 3151 dignitatem
774 3076 869 3133 saeculi
921 3094 1033 3142 casum:
1051 3079 1115 3152 quia
1137 3077 1254 3134 dumad
1284 3078 1353 3132 lianc
1381 3075 1590 3148 inquisitionem
1615 3082 1730 3147 uterque

64 3168 168 3223 nobilis
181 3177 253 3224 esset
265 3184 297 3224 ex
310 3169 416 3224 semine
432 3169 527 3241 patris,
543 3169 663 3224 nobilior
679 3178 770 3225 umen
786 3170 814 3223 iu
827 3169 871 3224 liis
921 3185 1017 3227 eorum
1032 3186 1062 3224 se
1072 3170 1139 3225 iecit
1153 3169 1297 3235 acclivem,
1314 3167 1388 3222 filius
1403 3167 1563 3239 imponebat
1578 3165 1727 3239 originem,

65 3275 127 3332 quae
149 3260 195 3315 Dei
223 3266 287 3314 suut
307 3267 365 3317 erat
384 3275 417 3314 ex
438 3260 571 3335 progenie
591 3259 696 3326 reatris,
723 3260 787 3314 dum
809 3266 872 3330 post
922 3271 951 3316 co
967 3268 1053 3314 rumor
1069 3259 1161 3314 linem.

61 3356 200 3421 acceptam
219 3349 337 3422 gratiam
361 3348 410 3404 [lei
433 3348 563 3414 vIveutis,
592 3349 728 3406 nobilitati
747 3350 872 3421 corporis
1243 3345 1347 3400 tillut·
1363 3345 1409 3399 lll.

63 3441 233 3499 ¹¹⁰bl¹l¹³¹⁰m
262 3439 382 3512 lisseium
405 3440 514 3496 meniis·
544 3440 608 3497 9⁰⁵²
625 3441 741 3516 dianam
768 3441 872 3513 quippe
923 3462 1114 3521 Corsstoatiuus
1133 3466 1227 3517 contra
1243 3461 1372 3515 barbaros
1388 3463 1466 3527 sipuo
1488 3462 1617 3513 crucisse
1635 3474 1729 3511 crunc-

62 3534 202 3607 baptismi,
223 3551 277 3606 qua
290 3535 529 3607 utriquesuperuo
549 3535 720 3591 reconciliati
743 3542 807 3590 sunt
823 3553 872 3607 pa·
894 3580 907 3604 ,
958 3539 1008 3599 cit,
1023 3540 1047 3588 rt
1061 3533 1209 3617 secundum
1221 3535 1328 3600 siparum
1344 3533 1416 3600 quot
1430 3533 1460 3584 in
1479 3532 1541 3585 cato
1557 3531 1628 3584 uidit
1643 3530 1728 3584 laostcs

63 3631 108 3698 tri,
125 3630 221 3686 eadem
238 3630 324 3686 virtus
339 3646 400 3702 quae
414 3631 477 3686 data
497 3638 539 3688 est
562 3630 631 3700 lilio,
645 3631 761 3687 dabatur
775 3638 802 3687 ct
813 3585 909 3687 mab
955 3609 1106 3678 P'Ub'ifffl'n
1120 3609 1145 3658 εἰ
1155 3609 1230 3658 ”m

63 3727 109 3793 tri,
126 3726 191 3798 quia
205 3727 228 3781 si
246 3725 388 3782 historiam
403 3727 548 3799 utriusque
563 3727 679 3782 velimus
694 3726 870 3783 considerare
957 3719 1055 3773 Verum
1082 3733 1144 3772 cum
1174 3715 1280 3772 coelGSll
1309 3711 1730 3770 ⁵⁰¹1lll¹m⁰d⁰n01llfflsllpllll

62 3816 201 3885 subtilius,
218 3817 395 3889 lleumqucm
405 3816 597 3885 coluitmater,
611 3816 721 3872 colebat
732 3825 758 3872 et
772 3815 844 3872 iilius
920 3824 1006 3881 quare
1017 3805 1208 3861 sacratissima
1224 3803 1314 3860 crucis
1336 3803 1459 3891 inventio
1477 3800 1534 3858 lilio
1550 3801 1615 3857 lruic
1631 3818 1728 3857 serva-

391 3927 537 3985 (ἈρυτῃΙ
922 3907 996 3956 retur
1020 3906 1048 3954 ct
1063 3897 1153 3966 matri,
1170 3896 1318 3952 dicendum
1348 3904 1391 3951 est
1416 3893 1496 3950 uobis
1520 3893 1639 3966 qualiter
1653 3910 1730 3950 area-

63 4018 107 4073 Ap
114 4019 215 4073 ppppena
226 4023 313 4072 mam
323 4019 451 4087 syn-W
465 4034 482 4073 a
498 4017 675 4074 pompam-„0
688 4020 745 4087 ppo
760 4021 870 4075 Romam
920 4010 986 4049 num
1002 3993 1122 4064 antiquas
1137 3989 1291 4047 Divinitatis
1310 3988 1456 4045 consilium
1474 3988 1509 4044 ad
1532 3987 1728 4061 inquirendum

99 4094 179 4160 utque
191 4091 334 4156 Graeciam,
350 4105 490 4146 costumas
503 4105 568 4157 esse,
584 4092 706 4160 ipsisque
718 4091 781 4145 solis
796 4092 872 4146 tuoe·
922 4086 1026 4160 liguum
1050 4086 1121 4141 idem
1144 4083 1314 4140 bominicum
1355 4089 1469 4138 matrem
1494 4088 1670 4154 provocasset
1697 4097 1730 4137 ac

99 4161 205 4216 illim
216 4163 302 4216 amois
317 4163 436 4230 distulit
449 4176 602 4217 immitam
614 4176 678 4216 0⁸⁸9·
922 4174 1020 4231 illium.
1043 4175 1165 4240 Quodam
1180 4187 1247 4246 ergo
1267 4181 1402 4244 ternpore,
1424 4188 1479 4228 non
1510 4170 1618 4226 nrodica
1634 4171 1729 4225 multi-

100 4274 246 4346 Postquam
267 4287 335 4348 ergo
354 4271 427 4328 filius
456 4288 505 4344 per
524 4273 684 4328 Silvestrum
710 4273 870 4344 pontilicem
920 4271 987 4328 tudo
1001 4269 1178 4324 barbarorum
1199 4268 1269 4323 lines
1283 4267 1389 4339 ubique
1402 4265 1486 4336 coepit
1501 4265 1643 4321 devastare
1656 4264 1729 4319 Grae-

65 4365 137 4418 lianc
150 4362 265 4435 gratiam
280 4362 384 4434 recepit
398 4363 432 4416 ab
447 4363 653 4432 drunipotcnte,
669 4369 698 4416 ut
713 4363 742 4416 iu
762 4362 867 4433 piscina
919 4378 1024 4430 corum,
1041 4362 1118 4427 dum,
1139 4360 1217 4432 quasi
1232 4359 1260 4413 in
1276 4366 1400 4428 apertam
1415 4372 1601 4429 prorumpens
1615 4363 1728 4426 aposta·

62 4451 278 4524 salutisalepra
300 4452 328 4506 iu
341 4467 457 4522 corpore
476 4452 626 4508 clavillis
646 4453 825 4509 mundaretur
840 4453 867 4508 in
919 4452 998 4520 siam,
1026 4459 1108 4506 totam
1149 4464 1220 4519 pene
1253 4445 1360 4502 solebat
1380 4460 1516 4516 occupare
1549 4443 1726 4499 Romaniam.

64 4555 172 4602 mente:
187 4546 329 4612 contiuuo,
344 4554 374 4602 ut
391 4555 418 4602 et
438 4546 507 4601 alios
531 4547 662 4603 educeret
689 4549 721 4603 dc
737 4551 799 4603 lucu
814 4552 866 4602 mi·
919 4544 1113 4604 Constantinus
1131 4549 1222 4597 autom
1237 4540 1359 4595 noudum
1387 4539 1472 4593 [teum
1488 4536 1600 4602 timens,
1613 4535 1662 4591 scd
1677 4536 1726 4591 bo·

62 4638 140 4691 serio
158 4640 183 4692 et
201 4637 234 4690 de
256 4636 312 4690 luto
334 4637 409 4703 tacis
427 4637 511 4707 (Psoi.
535 4636 638 4707 xxxix).
663 4637 746 4692 tidem
765 4647 868 4693 sanctae
920 4639 1009 4695 mines
1030 4637 1174 4704 reveritus,
1188 4653 1218 4691 se
1233 4644 1329 4691 contra
1353 4635 1447 4690 hostes
1465 4648 1531 4688 suos
1557 4632 1629 4688 sicut
1645 4631 1727 4687 miles

63 4724 204 4779 Trinitatis
219 4733 273 4780 tam
290 4724 420 4780 Romanis
439 4725 524 4796 coepit
542 4725 668 4780 intonare
686 4742 767 4798 quam
793 4726 868 4781 Grae-
919 4729 1033 4784 armavit
1046 4730 1188 4796 emeritus,
1201 4728 1266 4782 dum
1282 4727 1328 4782 die
1348 4734 1488 4796 noctuque
1500 4740 1564 4780 cum
1581 4723 1639 4779 suis
1653 4723 1731 4797 cogi.

63 4818 112 4873 eis.
130 4818 255 4883 uuluam
270 4818 468 4875 infortitudine
484 4828 512 4876 et
527 4821 615 4890 maior
630 4821 741 4876 ossetiu
758 4820 869 4886 virtute,
922 4826 978 4874 tare
998 4818 1081 4890 coeprit
1104 4834 1136 4874 ac
1155 4816 1309 4892 recogitare
1324 4816 1444 4888 qualiter
1464 4822 1512 4870 aut
1525 4815 1666 4887 quomodo
1678 4830 1726 4870 eos

63 4927 144 4983 aequa
155 4919 248 4967 tamen
263 4912 341 4968 lance
358 4927 406 4982 pro
425 4913 581 4969 ludaeorum
597 4929 629 4968 ac
648 4913 793 4987 gentilium
807 4921 867 4969 stu·
920 4912 984 4966 inde
1005 4917 1098 4982 posset
1114 4909 1283 4981 propulsare.
1301 4909 1355 4963 Sed
1368 4924 1430 4964 cum
1451 4909 1517 4963 inde
1536 4907 1651 4982 siugulis
1675 4924 1722 4962 no·

62 5001 123 5056 duit
141 5000 266 5057 laborare
280 5001 379 5069 salute,
400 5001 464 5056 dum
488 5003 567 5074 quasi
582 5002 691 5058 medius
714 5003 872 5059 discurrens
884 4963 909 5032 D
921 4999 1011 5057 ctibus
1026 5009 1054 5054 et
1079 4998 1196 5073 singulis
1224 4997 1381 5054 anxiaretur
1400 4996 1511 5062 diebus,
1528 4996 1598 5052 siout
1617 5011 1728 5065 semper

63 5088 253 5147 interludaeos
261 5099 369 5164 gentes,
382 5105 511 5147 revocare
521 5090 607 5162 coepit
620 5091 790 5157 incredulos,
803 5109 871 5149 con·
920 5091 1001 5146 anxis
1015 5106 1076 5146 cum
1093 5091 1208 5162 trepidis
1225 5096 1313 5146 mutat
1329 5089 1468 5147 sententia
1492 5088 1585 5143 rebus.
1615 5086 1726 5142 taudem

62 5177 164 5236 [ortana
184 5179 342 5234 credentes.
371 5179 483 5235 luterim
508 5187 610 5247 autem,
626 5180 692 5236 dum
721 5182 766 5238 tali
785 5185 871 5242 devo·
921 5199 971 5256 pro
983 5184 1148 5239 declarando
1164 5184 1255 5239 crucis
1267 5184 1460 5240 sacratissimae
1476 5181 1551 5254 ligno
1565 5185 1659 5235 contra
1674 5176 1729 5231 iui-

63 5267 141 5324 tiouc
158 5266 295 5323 mundum
310 5266 365 5322 sibi
380 5273 408 5322 et
425 5282 455 5322 se
472 5268 527 5323 lleo
547 5267 675 5338 subjecit,
697 5269 747 5324 lmc
766 5277 794 5325 et
809 5269 871 5324 illoc
919 5274 1007 5331 micos
1025 5290 1100 5342 suos,
1116 5274 1163 5329 tali
1186 5274 1318 5331 divinitus
1332 5274 1471 5331 relevatus
1492 5277 1534 5328 est
1547 5271 1637 5346 signo.
1654 5267 1729 5332 Qua-

63 5369 152 5418 mater
170 5360 245 5417 illius
259 5360 518 5430 similiteriecit,ex
540 5362 638 5419 intimo
656 5363 762 5418 scilicet
775 5363 869 5420 cordis
919 5362 983 5419 dam
998 5362 1080 5438 igitur
1102 5369 1181 5418 nocte
1205 5363 1233 5418 iu
1254 5371 1340 5420 strato
1361 5379 1412 5419 suo
1439 5361 1600 5435 quiescens,
1618 5358 1728 5432 signum

63 5453 129 5510 iude
148 5452 245 5508 crebra
263 5453 513 5526 trabeussuspiris,
533 5454 608 5525 quod
628 5453 788 5510 Clmistiauae
803 5454 869 5513 lidei
920 5451 1011 5512 crucis
1030 5452 1059 5506 in
1080 5452 1151 5509 coelo
1170 5451 1249 5520 vidit,
1266 5459 1293 5509 et
1319 5459 1381 5524 post
1402 5449 1562 5521 hujusmodi
1590 5447 1731 5504 visionem-

62 5555 116 5603 tam
132 5547 179 5601 diu
195 5546 271 5617 prius
285 5546 449 5620 repugnavit
463 5553 491 5604 et
506 5546 594 5618 Syria.
611 5547 729 5603 Proinde
745 5556 870 5605 nrateret
919 5542 1011 5600 statim
1025 5540 1055 5596 iu
1069 5541 1144 5597 huuc
1168 5556 1280 5598 sensum
1303 5556 1397 5598 vocem
1419 5539 1455 5596 de
1469 5536 1630 5595 caelestibus
1648 5535 1727 5591 audi-

63 5634 137 5693 lllius
162 5651 195 5692 eo
211 5633 364 5692 studiosius
377 5635 465 5693 secuti
478 5643 542 5692 sunt
557 5643 695 5708 praeopta
714 5636 786 5706 vita,
813 5652 868 5708 quo
919 5635 968 5709 vit,
981 5631 1171 5707 scilicetquod
1185 5633 1265 5692 indie
1277 5633 1353 5703 belli,
1369 5639 1396 5690 et
1406 5632 1435 5690 in
1446 5638 1573 5705 tempore
1584 5625 1726 5706 pugnandi
