3720 6014
87 246 141 302 785
464 257 469 267 “
697 247 870 305 statuenti
889 249 1147 308 usuutlttttsts.
1708 251 1763 310 736

88 376 156 432 tanti
169 375 246 431 lonae
270 381 374 430 certum
391 376 425 431 ad
448 376 630 432 salvationem
654 378 715 448 ejus
734 380 897 450 preparavit
908 385 934 452 Α
946 380 985 437 rit
1000 380 1130 454 baptismi
1153 382 1341 449 sacramentis,
1357 389 1385 437 et
1410 381 1528 437 munivit
1543 382 1645 438 viatico
1669 382 1769 438 Domi·

88 466 287 535 (tonenthte
312 466 393 521 etiam
419 469 502 524 morlo
522 467 656 524 balaenam
676 479 775 541 praesto
798 471 896 527 adesse
946 475 1140 548 nicicorporis
1164 477 1360 551 etsauguinis.
1393 476 1549 548 Supervixit
1571 476 1769 549 aulamquin·

89 557 161 614 lecit.
179 557 225 613 Cui
242 564 316 613 tanta
331 559 456 630 corporis
473 560 586 616 vastitas
599 568 667 627 erat,
694 567 725 617 ut
738 578 820 633 rupes
834 578 896 620 esse
945 566 1035 624 decim
1052 569 1162 635 diebus,
1178 577 1206 625 et
1229 577 1347 626 amorte
1364 568 1463 625 animae
1477 575 1583 631 erutus,
1604 569 1688 624 morti
1708 583 1769 624 eor-

89 649 298 707 abhominibus
317 657 474 722 putaretur:
492 667 574 723 porro
589 667 650 708 eam
671 660 746 709 tanta
769 654 896 710 substra-
946 656 1033 725 porali
1054 665 1096 713 est
1119 658 1254 725 redditus,
1274 664 1302 714 et
1317 659 1345 713 in
1361 658 1461 714 eedem
1482 657 1588 714 tumulo
1611 657 1769 728 repositus,

54 760 56 762 ’
89 746 167 796 verul
180 739 367 802 immobilitas,
384 746 413 794 tlt
428 741 637 796 insulaslabilis
652 757 713 798 esse
728 743 897 799 crerierelltl'.
950 747 1111 824 ingenerali
1122 751 1247 805 omnium
1260 750 1472 826 regeneratione
1484 756 1768 806 resurreeturuseum

90 834 329 891 Sacramentorum
345 851 412 910 ergo
425 836 522 892 ordine
547 838 719 894 asacerdotc
739 837 901 894 solemniter
950 839 1056 898 Christo
1076 841 1192 899 felicius.
1211 843 1273 899 ilaec
1287 849 1361 909 sunt,
1377 841 1451 899 hone
1477 842 1554 908 lesu,
1577 839 1699 897 mirillea
1715 849 1770 897 tuae

90 927 241 990 celebrato,
257 928 398 984 ctriatieo
414 928 564 985 Dominicae
584 929 900 987 Eucharistiaeomnibus
949 929 1101 986 divinitatis
1122 945 1221 1002 opera:
1238 930 1297 986 haec
1312 936 1376 985 sunt
1398 928 1546 1004 magnilica
1570 936 1625 985 tue
1648 929 1771 1001 promis·

92 1017 190 1073 devote
209 1017 368 1084 distributo,
385 1035 440 1092 quo
456 1020 538 1076 unico
555 1020 626 1076 inter
640 1036 739 1077 omnes
754 1020 899 1091 utriusque
949 1021 1036 1078 sionis
1050 1039 1176 1088 munera,
1191 1023 1294 1095 quibus
1309 1022 1429 1078 lideliter
1452 1022 1480 1077 in
1495 1031 1521 1078 te
1535 1022 1686 1078 credentes
1701 1038 1771 1079 con-

93 1109 212 1164 bominis
236 1110 417 1166 adversitates
444 1111 620 1167 munirentur
642 1111 778 1179 subsidio,
809 1113 900 1168 soluto
949 1110 1286 1168 solaturtuaclementia.
1316 1134 1325 1160 ι
1358 1110 1407 1176 Qui
1424 1110 1523 1177 credit,
1538 1111 1642 1183 inquit,
1665 1110 1697 1166 in
1713 1127 1769 1175 me,

92 1198 220 1254 alacriter
229 1199 308 1254 navis
325 1201 489 1268 retinaculo,
502 1200 621 1256 reddunt
635 1217 664 1256 se
679 1208 807 1273 suscepto
821 1201 900 1257 naui-
950 1219 1035 1275 opera
1048 1222 1111 1278 quaa
1124 1222 1176 1278 ego
1192 1205 1309 1271 lecio‚el
1322 1205 1381 1277 ipse
1396 1204 1489 1264 laeiet.
1504 1213 1532 1260 et
1546 1205 1651 1274 majora
1667 1206 1770 1261 horum

93 1289 176 1363 gandi
202 1290 352 1361 proposito.
379 1291 462 1346 Porro
479 1292 506 1346 in
529 1293 662 1347 comitatu
687 1292 734 1348 illo
750 1299 827 1347 erant
851 1294 900 1349 ho·
951 1293 1033 1350 saciet
1041 1295 1128 1365 (loon.
1139 1296 1205 1364 arv).
1219 1295 1308 1361 »Quae
1323 1294 1438 1367 quidem
1451 1308 1532 1365 posse
1546 1290 1606 1347 heri
1616 1307 1666 1362 per
1682 1289 1773 1345 homi·

96 1377 184 1432 mines
199 1394 312 1433 numero
333 1379 419 1435 terme
442 1389 551 1435 centum
567 1381 719 1455 octoginta.
742 1380 808 1436 Cum
835 1397 901 1455 ergo
952 1397 1027 1452 nem,
1040 1386 1085 1443 vix
1112 1389 1185 1459 apud
1207 1387 1334 1443 homines
1353 1386 1492 1442 obtineret
1511 1383 1610 1449 ladem,
1635 1382 1692 1438 nisi
1709 1397 1773 1454 pro·

92 1467 148 1535 jana
183 1471 266 1524 altum
291 1479 429 1537 tenerent,
459 1470 613 1527 velificante
639 1471 694 1528 hde
715 1473 816 1538 securi,
840 1481 905 1529 tunc
955 1476 1070 1532 naissum
1087 1476 1185 1533 luisset
1199 1494 1248 1548 per
1262 1476 1435 1533 bominieum
1451 1474 1591 1530 homiuem
1610 1472 1700 1544 (sert,
1714 1473 1775 1528 trac

96 1559 206 1613 dearum
223 1558 335 1614 reducto
351 1558 421 1626 risu,
438 1559 598 1616 intellexere
613 1561 649 1617 de
663 1569 766 1634 quanto
782 1563 905 1633 periculo
956 1568 1082 1625 iacienda
1102 1585 1163 1624 esse
1179 1586 1229 1641 per
1243 1567 1354 1624 fidelem
1373 1567 1527 1622 hominem.

96 1647 254 1703 cossa-uerit
264 1647 421 1704 misericors
431 1650 555 1719 potentia
572 1651 690 1716 Domini,
705 1651 752 1722 qui
769 1651 902 1707 balanam
1281 1655 1442 1712 electili.

97 1756 147 1813 pro
167 1739 256 1795 insula
272 1745 415 1811 paraverat
429 1740 469 1795 eis
485 1741 512 1795 in
523 1742 616 1798 medio
629 1743 709 1808 mari,
724 1751 752 1799 et
765 1758 825 1799 earn
836 1744 905 1800 sub·
991 1746 1129 1802 Exhausto
1155 1744 1291 1800 ineassum
1318 1742 1501 1817 nauigationis
1528 1743 1623 1799 labore
1649 1741 1771 1805 diutino,

97 1835 230 1884 straverat
244 1827 436 1884 immobilitate
452 1838 506 1884 tana
521 1829 625 1898 stabili,
642 1840 672 1888 ut
688 1832 756 1886 nihil
772 1833 814 1888 eis
828 1833 904 1904 peri·
955 1840 1099 1904 postquam
1116 1833 1191 1888 nulla
1201 1849 1266 1905 spes
1279 1832 1462 1887 desideratam
1473 1831 1591 1887 insulam
1606 1831 1773 1887 inveniendi

97 1917 152 1974 culi
168 1917 313 1972 incuteret.
336 1917 384 1972 Cui
406 1925 461 1972 tura
491 1929 583 1990 posset
607 1935 668 1976 esse
687 1922 814 1989 dubium,
830 1923 904 1994 quod
956 1925 1096 1991 aspirabat
1124 1925 1170 1996 pio
1193 1940 1290 1980 eorum
1309 1924 1462 1989 desiderio,
1482 1930 1631 1980 retractato
1647 1923 1771 1979 invicem

98 2005 258 2062 inevitabile
272 2022 369 2062 ornnes
384 2007 564 2064 incurrissent
584 2010 680 2066 mortis
695 2011 861 2082 periculum,
882 2011 904 2067 si
956 2013 1084 2078 consilio,
1100 2012 1325 2069 deliberaverunt
1336 2011 1522 2068 linemlacere
1534 2018 1589 2068 lam
1601 2012 1688 2086 longo
1700 2021 1774 2082 post·

99 2101 189 2156 bellua
204 2101 401 2157 immanissima
429 2102 553 2158 dedisset
578 2104 702 2175 corporis
723 2107 766 2160 sui
781 2107 906 2162 motum?
956 2107 1073 2164 liminio.
1100 2106 1159 2162 lam
1189 2107 1263 2162 enim
1287 2107 1465 2178 septennium
1486 2106 1513 2161 iu
1530 2107 1582 2162 hae
1607 2106 1772 2180 peregriua-

99 2196 176 2252 Unde
191 2212 287 2252 omncs
301 2196 394 2252 laetum
419 2205 562 2254 cantantes
588 2200 726 2266 celeuma,
743 2216 826 2256 voees
843 2218 907 2278 gra·
957 2199 1031 2254 tione
1047 2199 1236 2270 expleverant,
1261 2205 1289 2254 et
1307 2204 1414 2270 septem
1439 2197 1579 2253 Paschalis
1599 2196 1774 2253 celebritatis

99 2291 196 2346 tiarunr
213 2291 331 2347 actionis
345 2293 513 2347 unanimiter
524 2292 667 2362 jactabant
681 2295 715 2349 ad
728 2295 831 2350 sidera.
957 2305 1084 2347 recursus
1110 2289 1370 2355 solemnizaverant,
1387 2297 1415 2344 et
1438 2304 1489 2360 per
1510 2295 1617 2344 certum
1646 2287 1788 2345 laborem

409 2384 513 2441 CAPUT
527 2386 595 2441 Vlll.
958 2382 1028 2437 nihil
1043 2381 1133 2437 adhuc
1152 2381 1219 2436 certi
1233 2381 1261 2435 in
1272 2381 1366 2436 animo
1381 2380 1529 2435 habebant.
1553 2380 1695 2435 Reversus
1708 2395 1775 2450 ergo

26 2484 29 2489 '
134 2475 240 2548 lllagnis
261 2474 365 2544 majora
389 2474 521 2530 miracula
544 2475 707 2542 succedunt,
737 2485 765 2532 et
784 2477 905 2535 novitate
956 2469 1287 2526 virsanctusadavitam
1307 2469 1436 2540 patriam,
1457 2468 1579 2525 reddidit
1608 2469 1776 2539 parentibus

98 2564 152 2629 sni,
173 2564 348 2619 devotionem
363 2561 487 2617 fidelium
502 2564 536 2618 ad
551 2563 688 2618 laudanda
705 2565 751 2619 liei
768 2567 905 2640 magnalia
956 2563 1015 2619 suis
1029 2561 1214 2617 desideratam
1231 2560 1437 2617 diutissimesui
1453 2560 1650 2631 presentiam:
1667 2567 1697 2616 et
1712 2561 1777 2633 quia

19 2644 23 2650 ⁸
98 2655 290 2711 vehementius
298 2654 434 2709 accedunt
458 2653 522 2708 Cum
537 2662 681 2726 tantopere
692 2671 740 2726 pro
756 2658 905 2728 quaerenda
957 2652 985 2706 in
1001 2651 1083 2706 terris
1097 2649 1221 2721 nequivit
1236 2649 1362 2705 invenire
1377 2656 1477 2721 optatae
1491 2649 1632 2705 felicitatis
1641 2648 1777 2705 insulam,

100 2747 146 2802 illa
162 2747 309 2802 laudabilis
337 2745 416 2801 lamae
433 2746 522 2801 insula
549 2746 717 2814 laborarent,
738 2748 838 2804 lactum
868 2756 909 2805 est
956 2746 1050 2817 jugem
1071 2751 1153 2799 noctu
1164 2741 1269 2814 diuque
1284 2740 1368 2797 dabat
1383 2757 1507 2812 operam,
1528 2742 1595 2796 utin
1612 2740 1694 2797 coelis
1709 2758 1777 2813 per·

100 2836 177 2893 ulad
195 2837 275 2891 aliam
292 2836 421 2897 insulam,
445 2836 610 2906 disponente
630 2838 697 2904 beo,
718 2839 907 2908 applicarent:
960 2841 1050 2906 petuas
1066 2832 1245 2888 beatitudinis
1261 2838 1414 2887 mereretur
1428 2832 1532 2887 habere
1548 2832 1677 2903 patriam.
1688 2833 1776 2901 Deus,

101 2923 223 2995 etpotiti
255 2931 347 2995 optata
367 2940 461 2987 arena,
491 2924 556 2978 dum
580 2941 630 2995 pro
654 2924 803 2981 relevando
828 2928 909 2984 taedio
961 2925 1166 2998 quihomiuem
1187 2923 1275 2997 gratia
1289 2941 1338 2980 sua
1354 2924 1497 2994 praevenit.
1518 2932 1548 2979 ut
1563 2923 1667 2979 bonum
1691 2923 1777 2979 velit:

102 3014 495 3089 navigationisperlustrarent
514 3015 907 3088 singulaoffenduntturnu-
932 3023 988 3070 aet
1016 3013 1205 3084 subsequitur,
1234 3020 1264 3068 ut
1289 3012 1406 3084 implere
1436 3012 1534 3083 possit,
1564 3028 1627 3067 eura
1651 3012 1710 3067 voti
1731 3013 1776 3068 sui

1 3158 3 3173 ,
102 3103 157 3159 lum
186 3103 288 3173 sepulti
305 3103 433 3165 hominis,
461 3119 543 3174 quern
568 3103 653 3158 luisse
667 3104 804 3180 gigantea
826 3106 907 3163 molis
959 3108 1115 3172 compotem
1136 3100 1209 3156 lecit.
1232 3100 1298 3156 Cum
1320 3101 1393 3156 enirn
1421 3100 1449 3155 in
1475 3101 1525 3157 hec
1556 3106 1732 3166 remeasset,
1748 3106 1780 3155 ut

101 3202 129 3250 et
144 3195 327 3266 praecernens,
345 3195 479 3266 pronatae
494 3195 617 3267 inspecta
632 3197 751 3268 qualitas
766 3214 907 3271 corporee
954 3193 1010 3263 iarn
1024 3192 1135 3262 janque
1147 3189 1325 3261 perfectionis
1338 3189 1391 3244 itrr
1405 3188 1550 3260 arriperet,
1566 3204 1629 3243 cum
1645 3188 1682 3243 de
1695 3203 1775 3243 more

102 3288 310 3363 magnitudinis.
335 3289 422 3345 Motus
438 3306 505 3364 ergo
526 3291 567 3346 vir
585 3292 648 3363 pius
663 3293 841 3350 miseratione
856 3297 908 3351 hu·
959 3282 1105 3337 interesset
1119 3279 1302 3336 Ecclesiastici
1316 3277 1401 3334 ollicii
1414 3277 1556 3350 mysterio,
1573 3276 1681 3332 audivit
1692 3292 1778 3331 evan·

103 3394 191 3447 nranae
219 3379 431 3450 compassionis,
458 3388 486 3436 et
516 3380 631 3452 insuper
659 3382 795 3439 animatus
818 3385 914 3458 vigore
964 3373 1067 3446 tellum
1088 3370 1444 3443 lil0¹¹u¹¹⁸l⁸li³dl³⁰⁰¹¹0³
1474 3390 1486 3421 ·
1512 3368 1540 3422 Si
1560 3367 1622 3440 quis
1641 3367 1721 3423 venii
1742 3367 1778 3422 ad

102 3484 230 3546 supernae
258 3468 458 3540 inspirationis,
482 3485 544 3525 cum
566 3469 629 3525 fidei
647 3473 873 3543 magnanimitate
886 3485 914 3532 et
964 3479 1019 3528 1¹¹³,
1034 3473 1062 3518 el
1081 3478 1137 3518 n0n
1152 3460 1210 3518 Odit
1237 3468 1344 3532 Pilleffl
1364 3467 1391 3515 θῑ
1415 3466 1541 3525 mallem»
1561 3466 1589 3514 02
1615 3466 1779 3514 uxoremst

102 3560 256 3632 lacrymosa
283 3560 451 3617 contritione
477 3561 581 3631 cordis,
612 3578 713 3618 nomen
741 3575 768 3620 et
784 3565 912 3623 virtutem
964 3552 1045 3620 5¹10&
1059 3561 1087 3609 el
1104 3551 1201 3607 fraires
1220 3559 1248 3606 θῑ
1263 3565 1382 3616 ⁵0l0l05,
1398 3549 1489 3604 adhuc
1501 3556 1593 3604 aulem
1614 3554 1642 3603 02
1654 3547 1779 3603 animam

101 3649 211 3707 invocat
224 3657 326 3707 sanctae
348 3651 494 3714 Trinitatis,
512 3660 540 3707 et
563 3660 659 3723 aperto
687 3653 779 3710 loculo
803 3657 911 3716 tumuli.
962 3658 1051 3710 suam,
1065 3656 1121 3697 ¹¹⁰ss
1134 3647 1317 3712 l1020⁵2¹¹¹⁰1¹s
1333 3655 1394 3693 ⁰⁸⁸⁰
1408 3637 1562 3707 discipulus
1575 3637 1652 3708 (tae.
1670 3641 1745 3705 xrv);
1767 3659 1778 3688 ³

101 3740 242 3796 suscitavit
256 3756 319 3795 eum
332 3741 482 3796 amortuis.
498 3741 546 3807 Qut
569 3749 714 3814 postquam
727 3751 770 3799 est
787 3745 913 3802 redditus
962 3739 1003 3789 0²2
1026 3752 1039 3783 ⁸
1060 3732 1109 3798 Qui
1126 3747 1181 3787 ¹¹0⁰
1201 3731 1342 3786 renuntiat
1353 3729 1484 3786 Omnibus
1498 3744 1558 3800 ‘11¹ae
1570 3728 1780 3801 P0⁸⁸il¹⁰lr¹¹⁰¹¹

104 3829 373 3901 plenorlranfneto,
387 3833 534 3903 conpellat
548 3849 610 3889 eun
632 3835 763 3890 sacerdos
779 3836 825 3906 pio
839 3837 912 3894 alto-
962 3832 1053 3899 potest
1074 3840 1153 3880 meus
1181 3840 1243 3879 esse
1268 3823 1423 3895 discipulus
1449 3822 1552 3892 libid-l·
1575 3841 1587 3872 r
1610 3821 1642 3875 Et
1666 3821 1781 3893 rapiens

104 3920 180 3990 quio,
204 3919 347 3975 sciscitans
361 3936 424 3975 eum
445 3921 603 3993 quisesset,
632 3922 706 3978 unde
726 3923 792 3979 illuc
815 3924 911 3981 venis·
962 3934 1059 3975 vocem
1080 3933 1113 3972 ex
1128 3932 1177 3972 ore
1205 3915 1326 3983 diaconi,
1347 3915 1466 3970 credens
1489 3915 1542 3970 hoc
1556 3912 1706 3968 consilium
1726 3912 1783 3968 sibi

105 4016 157 4074 set,
178 4011 226 4066 uhi
240 4011 323 4066 modo
345 4011 451 4080 luisset,
468 4014 492 4068 si
517 4013 667 4085 aliquando
690 4013 795 4071 Christo
821 4017 911 4072 credi·
963 4015 1132 4085 intempore
1162 4010 1321 4066 mandatum
1341 4025 1448 4065 csscex
1472 4025 1521 4066 ore
1537 4008 1626 4080 ipsius
1654 4007 1779 4075 Domini,

105 4101 202 4156 disset.
217 4101 368 4173 Respondit
383 4103 439 4170 ille,
455 4120 512 4159 sea
526 4105 688 4176 parentibus
702 4107 759 4161 suis
774 4107 909 4172 occisum,
961 4118 993 4158 ex
1023 4102 1082 4174 ipsa
1096 4100 1225 4156 lectionis
1243 4099 1450 4171 opportunitate
1472 4106 1578 4169 patrem
1602 4114 1685 4153 suurn
1709 4113 1781 4153 con·

105 4192 145 4248 ibi
160 4193 258 4250 tumuli
277 4195 417 4266 accepisse
438 4197 537 4253 locum.
565 4197 648 4255 Porro
674 4215 705 4254 se
730 4198 913 4256 infernalibus
962 4193 1038 4250 veuit
1051 4193 1218 4268 legationem
1236 4191 1371 4247 llominicr
1406 4190 1528 4247 mandati
1553 4206 1603 4263 per
1629 4189 1781 4246 diaconam

105 4282 233 4339 claustris
259 4285 431 4356 deputatum,
448 4286 537 4341 dirum
554 4294 582 4342 et
605 4287 840 4345 interminabilem
868 4298 911 4344 tu·
963 4286 1015 4342 sibi
1031 4286 1141 4340 missam
1158 4285 1184 4341 ei
1199 4285 1313 4354 objecit,
1340 4293 1368 4341 et
1396 4286 1535 4341 licentiam
1562 4284 1783 4340 abrenuntiandi

104 4374 169 4431 lisse
183 4376 345 4432 cruciatum.
369 4377 400 4433 lit
414 4378 521 4434 addidit
545 4379 627 4436 bomo
642 4380 703 4436 llei:
724 4380 809 4436 llobis
832 4396 910 4455 erge.
923 4359 950 4428 D
964 4376 1018 4432 sibi
1034 4377 1148 4448 suisque
1168 4375 1309 4444 omnibus,
1325 4377 1360 4432 ab
1376 4392 1409 4433 eo
1426 4377 1568 4432 humiliter
1587 4376 1682 4447 petiit,
1693 4391 1783 4448 seque

104 4487 175 4544 quos
202 4472 381 4529 incredulitas
406 4474 549 4546 deputarit
573 4475 689 4546 poenalis
716 4475 820 4531 inlerni
835 4491 912 4551 erga·
962 4477 1040 4526 trans
1055 4484 1130 4526 mare
1146 4468 1400 4540 peregrinationem
1415 4483 1465 4540 pro
1481 4466 1587 4523 Christo
1599 4467 1672 4524 velle
1685 4467 1781 4524 susci·

105 4565 188 4630 stuta,
212 4573 255 4620 est
273 4566 366 4637 aliqua
385 4566 440 4622 tide
460 4566 608 4629 confessio,
635 4573 678 4622 est
705 4567 912 4639 aliquasanctae
962 4578 1027 4634 pere
1053 4560 1188 4635 praedixit.
1216 4560 1295 4616 Pater
1319 4560 1440 4635 diligens
1459 4558 1545 4614 salium
1568 4558 1652 4613 nimis
1675 4558 1785 4615 carnali

106 4662 134 4712 er
148 4656 297 4713 rnarvrauae
316 4657 458 4715 Trinitatis
469 4657 657 4734 cognatiora
674 4659 736 4715 ane:
758 4660 853 4726 erana,
868 4660 912 4715 an·
962 4649 1213 4722 affectionalem
1227 4648 1366 4724 gaudebat
1378 4649 1539 4704 redissetis
1555 4658 1609 4703 tam
1625 4646 1783 4721 longinqua

106 4748 176 4821 quit,
189 4748 272 4804 nobis
285 4756 388 4805 sanetae
402 4750 542 4806 Trinitatis
557 4751 680 4824 cognitio
699 4758 752 4818 est,
768 4752 817 4807 sed
831 4753 914 4809 modo
966 4741 1203 4818 peregrinatione,
1216 4740 1393 4798 voluitbnnas
1404 4740 1466 4810 ejus
1481 4739 1617 4796 voluntati
1626 4739 1782 4795 contraire.

107 4851 168 4892 earn
184 4853 265 4893 nosse
280 4844 328 4894 eut
353 4837 477 4895 confiteri
506 4840 575 4895 nihil
603 4841 683 4896 nobis
707 4842 837 4913 prodest:
859 4842 914 4898 imo
965 4834 1005 4902 El,
1018 4849 1190 4907 ptaectlfsesss
1205 4835 1239 4888 ad
1255 4833 1339 4889 matii
1359 4833 1447 4900 lilius,
1461 4833 1560 4889 amOllss
1578 4846 1786 4904 usquequaque

107 4929 172 5001 quia
184 4929 212 4984 in
238 4930 294 4985 uita
313 4945 373 4985 eam
390 4947 472 4988 nosse
488 4931 637 5000 noluimus,
658 4933 809 4988 mortaliter
824 4933 913 4990 obest.
966 4927 1094 4994 navibus
1120 4926 1264 4983 interdixit
1287 4933 1415 4997 potenter
1452 4924 1543 4979 nautis
1570 4923 1718 4990 omnibus,
1748 4937 1785 4979 ne

108 5022 173 5080 ldae
188 5038 297 5095 precor,
312 5032 341 5079 ut
355 5023 450 5079 saltem
472 5024 555 5081 modo
574 5040 683 5080 merear
701 5026 809 5081 renasci
824 5025 916 5097 bapti·
966 5018 1027 5090 quis
1038 5033 1135 5074 eorum
1155 5018 1213 5074 lilio
1240 5032 1293 5072 suo
1315 5016 1474 5073 facultatem
1490 5013 1688 5071 transfretandi
1709 5029 1786 5085 prae·

108 5129 168 5170 smo
181 5114 308 5170 salutari:
335 5114 427 5186 utqui
454 5115 588 5170 hactenus
602 5115 748 5171 damnatus
772 5114 811 5171 lui
827 5124 916 5172 morte
965 5119 1050 5167 staret
1075 5110 1261 5182 aliquatenus.
1288 5108 1341 5164 Sed
1365 5108 1406 5163 vir
1423 5107 1579 5179 apostolicae
1595 5098 1668 5173 vitae]
1689 5105 1786 5162 sciens

108 5205 243 5273 aeternali,
257 5206 394 5277 jamnune
410 5205 514 5277 possim
526 5204 585 5261 erui
596 5205 631 5260 ab
648 5206 761 5262 interitu
774 5206 912 5262 infernali.
966 5202 1112 5258 Dominum
1136 5200 1315 5272 precepisse:
1333 5222 1345 5248 a
1374 5200 1487 5256 dextera
1515 5214 1624 5262 manus,
1650 5198 1694 5255 ael
1720 5213 1785 5270 pes,

108 5295 292 5362 Sanctusllei,
309 5296 353 5352 his
367 5296 478 5363 auditis,
495 5297 651 5371 ingreditur
671 5298 742 5354 viam
756 5298 917 5370 apostolicae
966 5294 1010 5351 vel
1027 5293 1123 5350 oculus
1143 5291 1313 5348 scandalizat
1332 5299 1369 5358 te,
1390 5307 1456 5347 erue
1472 5307 1548 5357 sum,
1569 5297 1597 5346 et
1612 5289 1718 5362 projice
1733 5287 1787 5344 ebs

108 5384 324 5453 predicationis,
352 5392 464 5439 etcum
493 5385 630 5441 initiatum
651 5394 679 5442 et
699 5387 917 5442 cathechizatunr
968 5392 995 5442 te
1014 5386 1123 5457 (adultis.
1146 5383 1223 5455 xrru)
1247 5407 1260 5430 a
1275 5383 1371 5439 maluit
1386 5383 1463 5440 solus
1491 5383 1525 5437 ad
1548 5382 1630 5439 vitam
1658 5379 1785 5456 ingredi,

109 5471 252 5528 catholiea
281 5471 346 5527 fidei
381 5472 555 5542 rudimentis,
575 5476 747 5532 consecrauit
769 5493 919 5551 regenera-
969 5496 1051 5552 quam
1074 5477 1320 5551 comparentibus
1343 5478 1402 5533 suis
1425 5476 1581 5548 perniciose
1604 5474 1727 5542 dilectis,
1748 5475 1779 5531 in

112 5574 225 5718 eadwigi
236 5579 408 5634 hominicum
429 5580 582 5647 homiuem,
611 5582 747 5638 Christum
778 5582 855 5652 dicit,
878 5586 952 5656 quod
968 5585 1136 5662 Augustinus
1155 5601 1185 5642 se
1204 5584 1307 5640 dixisse
1333 5584 1419 5641 dolet.
1440 5585 1508 5641 llide
1522 5584 1671 5639 lletractat.
1695 5580 1746 5639 lib.
1765 5598 1787 5648 1,
