3720 6014
93 111 156 166 retr
758 113 886 170 norrun
908 112 1091 169 ursroarur.
1658 79 1661 83 ⁵
1682 120 1750 178 rora

91 233 200 304 publice
213 233 316 290 litteras
338 234 366 288 in
387 234 456 290 urbe
474 234 605 303 Tullensi,
622 237 686 292 dein
706 238 819 294 Tornaei
845 255 894 309 per
903 241 936 314 Α
948 246 1005 295 tota
1024 239 1150 296 turbatur
1167 242 1272 309 schola,
1293 249 1323 297 et
1340 243 1536 299 canonicorum
1555 251 1643 301 eoetus
1663 247 1751 302 admi·
1780 236 1783 247 ⁴

91 325 313 397 quinquennium
343 342 441 398 magna
470 342 531 381 cum
557 327 628 383 lama
657 330 896 401 etdiscipulorum
948 330 1053 384 ratione
1076 330 1242 401 percellitur.
1269 330 1405 402 Deinceps
1422 331 1479 386 0do
1499 333 1629 402 paulatim
1650 338 1751 393 scholae

92 414 246 487 frequentia
269 416 373 471 docuit.
403 416 489 487 liujus
518 418 570 472 uiri
598 422 822 478 commemoratio
841 440 897 480 non
948 437 978 476 se
998 421 1145 488 subtraxit,
1166 421 1409 478 ecelesiamsolito
1426 423 1750 495 ampliussrequentarit,

91 507 204 562 strictim
220 508 344 562 lacienda
358 515 410 574 est,
425 509 529 580 quippe
555 511 602 581 qui
617 511 791 568 lornacense
806 515 897 572 Sancti
948 525 1076 565 nummos
1094 518 1277 584 congregatos
1297 510 1324 564 in
1345 518 1469 586 egentes,
1491 512 1609 567 maxime
1624 512 1750 582 clericos,

92 602 200 656 Martini
236 602 443 670 monasterium,
481 606 633 660 monachus
673 615 700 661 οι
724 607 812 663 abhas
841 610 897 667 illic
947 599 1081 672 erogarit,
1107 599 1223 671 jejuniis
1245 600 1425 672 deniqueita
1451 617 1561 657 carnem
1595 602 1706 668 attrivit,
1722 611 1752 658 ut

93 694 190 760 laetus,
215 694 385 749 instaurarit.
414 694 477 750 Erat
504 695 528 750 is
556 697 683 763 clericus,
710 700 843 757 oriundus
865 720 898 759 ex
947 686 1096 758 breviprae
1120 688 1209 742 maele
1237 704 1253 742 e
1280 689 1375 744 “¹⁰¹¹ss
1401 688 1445 743 Vix
1468 697 1673 764 agnosceretur·
1692 691 1752 746 Non

94 787 173 851 urbe,
200 794 230 841 ut
252 786 336 842 modo
362 787 500 854 dicebam,
527 789 727 850 Aurelianensp·
755 796 899 864 patsegg
949 780 1034 835 mullo
1050 789 1112 853 post
1126 791 1245 854 quatuor
1258 782 1352 838 cleriei
1369 783 1394 837 ei
1414 800 1444 838 se
1460 785 1625 858 adjungunt,
1645 786 1752 841 scilicet

94 878 173 933 sardo
198 884 340 949 matreque
357 877 464 934 caecjlja
488 881 659 954 progenitus,
686 882 828 941 odoardus
839 888 898 942 vul,
948 866 1006 924 0do
1019 870 1116 939 abbas,
1134 871 1291 939 Gerbertus,
1308 872 1445 928 Rodullus
1457 881 1485 929 et
1499 873 1662 939 Willelmus,
1680 892 1752 944 pne·

92 984 127 1039 go
142 975 265 1032 vocatus,
281 983 297 1021 a
311 966 429 1037 pueritia
442 967 478 1022 ita
491 968 641 1024 instructus
656 971 765 1040 litteris,
786 981 816 1029 ut
829 977 897 1031 nulli
948 973 990 1022 let
1004 966 1172 1028 Lanlridum,
1196 965 1241 1037 qui
1263 965 1327 1039 luga
1355 965 1448 1036 lapsus
1474 966 1573 1021 misere
1593 966 1683 1037 pesile·
1705 967 1753 1020 Ve·

93 1057 231 1114 seeundus
245 1057 318 1112 inter
342 1056 506 1113 Francorum
533 1059 575 1114 sui
596 1063 728 1132 temporis
751 1065 897 1137 magistros
949 1072 1007 1110 lum
1023 1055 1101 1111 dubii
1121 1055 1265 1110 heeeebessl
1279 1072 1361 1126 (leem
1382 1062 1479 1110 Seeleffl
1508 1056 1750 1126 amplecterentur,

93 1154 250 1210 haberetur.
277 1155 325 1211 llic
350 1157 439 1227 primo
460 1145 694 1216 Tulli-Leucorum
718 1164 825 1220 scholas
854 1173 896 1221 te·
947 1145 1143 1200 ⁰³⁰⁰¹¹i⁰⁰s⁰¹¹¹
1168 1162 1201 1199 ³¹¹
1218 1147 1424 1201 ¹¹¹⁰¹¹e⁰h⁰l¹¹¹¹l
1453 1147 1646 1218 Ulfefflffllluer
1671 1147 1753 1202 veelle

93 1248 163 1315 nuit,
184 1247 247 1301 inde
260 1264 275 1301 a
290 1249 431 1304 canonicis
444 1251 569 1305 ecelesiae
585 1252 767 1310 Tornacensis
782 1258 896 1323 ascitus,
948 1234 1015 1289 ¹⁰⁰i⁵
1029 1233 1189 1304 ⁶¹P¹⁰f³¹i⁸2
1210 1234 1319 1289 interim
1341 1235 1368 1288 in
1384 1234 1544 1289 subelbena
1562 1236 1653 1290 Sancti
1681 1235 1750 1290 Mle·

93 1339 214 1409 quinque
235 1339 315 1393 annis
335 1348 408 1395 tanta
427 1357 488 1396 curn
509 1342 710 1400 existimatione
727 1346 831 1402 litteras
850 1349 897 1404 do·
947 1322 996 1377 ‘ini
1012 1322 1169 1389 ⁶⁰⁰¹⁰⁵i⁰¹³›
1187 1321 1234 1376 ubi
1260 1323 1400 1394 q¹¹⁰¹¹²¹³¹¹¹
1427 1324 1538 1378 ebbena
1553 1326 1751 1381 m⁰³³⁰h⁰s¹¹¹¹¹

92 1428 159 1491 cup„
184 1435 214 1483 ug
236 1445 292 1484 110„
312 1430 394 1485 modo
414 1431 582 1499 oplandrja,
599 1434 786 1507 proximisque
804 1439 896 1512 ,egio-
946 1408 1045 1476 luerat,
1065 1410 1114 1464 sed
1142 1411 1292 1483 apaganis
1313 1410 1461 1477 destructa,
1487 1411 1585 1467 etlere
1613 1413 1752 1470 insolitu·

94 1519 349 1586 uilius,sedetiam
374 1536 406 1575 ex
432 1522 627 1578 remotissimis
646 1526 805 1595 provinciis.
830 1529 898 1582 Bur·
947 1503 1039 1558 dinem
1077 1505 1198 1570 “declar
1231 1505 1312 1560 semel
1347 1504 1470 1560 habetem
1513 1518 1666 1577 coeperunt.
1695 1508 1751 1562 Ten

93 1608 207 1683 gundia,
224 1609 299 1663 ltalia
314 1616 341 1664 et
363 1610 482 1665 Saxonia
501 1611 629 1682 discipuli
646 1604 769 1670 certatim
785 1617 818 1671 ad
834 1565 932 1672 eurrrB
948 1600 1075 1670 exemple
1098 1601 1211 1655 seeleeli
1231 1601 1307 1656 elles
1321 1599 1508 1655 Telsseeesssee
1529 1601 1669 1656 R³b⁰d¹¹¹¹¹
1690 1604 1751 1672 epi-

94 1700 289 1767 conlluxerint,
316 1702 350 1755 ad
371 1717 516 1756 numerum
536 1719 623 1775 usque
643 1705 823 1762 ducentorum
840 1709 898 1763 ele·
948 1711 1062 1765 ⁸⁰0lee¹¹l
1085 1702 1192 1767 meent·
1217 1703 1247 1750 ¹¹1
1265 1695 1675 1768 1100tl0¹¹emel¹¹⁸q¹¹e⁸⁰eles
1696 1697 1750 1753 elie

94 1792 222 1847 cicorum.
244 1790 309 1846 Cum
325 1808 391 1848 xero
415 1792 545 1849 liberales
569 1803 643 1852 artes
657 1811 755 1853 omues
779 1799 897 1855 maxime
947 1788 1065 1860 migrare
1081 1787 1230 1859 permittat.
1252 1788 1287 1842 Ea
1304 1803 1348 1842 tes
1371 1794 1447 1862 grata
1466 1789 1608 1860 episcopo,
1637 1789 1702 1861 quia
1717 1808 1750 1845 ea

92 1879 216 1946 calleret,
242 1881 382 1952 praecipue
410 1888 502 1938 tamen
521 1883 548 1938 in
569 1884 715 1940 dialectiea
733 1887 895 1957 excellebat,
924 1879 981 1934 'de
999 1895 1028 1933 re
1043 1878 1165 1934 Odenem
1181 1878 1340 1949 interpellat
1353 1896 1359 1943 ;
1374 1879 1433 1945 sed,
1445 1895 1507 1934 curn
1525 1880 1570 1933 ille
1584 1880 1659 1936 nullo
1674 1888 1749 1936 certe

91 1972 175 2026 veteri
196 1980 277 2028 sectae
297 1989 391 2029 eorum
415 1977 462 2046 qui
479 1976 575 2031 Reales
593 1986 736 2042 vocantur,
751 1978 896 2034 adhaerens
946 1985 1080 2040 responso
1106 1970 1214 2024 reddito
1239 1969 1273 2023 ab
1293 1969 1442 2040 episcopali
1467 1969 1549 2025 domo
1579 1971 1747 2037 recessisset,

94 2076 150 2129 μη,
167 2076 238 2116 nova
253 2068 327 2117 secta
336 2064 528 2130 nominalium,
545 2081 626 2137 quam
645 2066 818 2123 herimbertus
832 2068 896 2139 qui·
945 2062 1104 2137 religiosum
1128 2062 1330 2133 presbyterum,
1346 2061 1457 2116 nomine
1481 2061 1675 2129 (ildebertum,
1700 2065 1747 2134 qui

93 2153 166 2214 dam,
192 2154 313 2212 lamosus
328 2159 468 2230 magister,
489 2167 555 2215 tunc
577 2160 606 2213 in
635 2159 738 2231 oppido
757 2160 893 2216 lnsulensi
945 2152 1041 2208 inillis
1056 2152 1257 2222 partibustunc
1272 2150 1493 2221 temporisrelut
1513 2151 1646 2220 propheta
1662 2151 1747 2206 habe·
1794 2220 1804 2234 .

91 2241 235 2314 discipulis
251 2247 309 2299 suis
324 2246 499 2320 praelegebat.
518 2246 581 2302 Cum
596 2249 660 2303 rixae
674 2249 725 2303 hac
739 2249 774 2303 de
794 2265 823 2304 re
842 2249 893 2304 fin·
945 2244 1036 2312 batur,
1052 2245 1079 2298 in
1095 2243 1244 2300 Elnonensi
1261 2243 1351 2297 Sancti
1367 2243 1439 2297 Petri
1453 2242 1569 2296 ecclesia
1586 2249 1681 2312 postea
1695 2244 1747 2298 hu-

92 2344 163 2403 rent,
185 2352 291 2390 nnuse
317 2338 496 2393 lornacensis
522 2339 647 2394 ecelesiae
671 2341 822 2406 canoniciS,
839 2355 893 2395 no·
944 2345 1045 2402 matus,
1061 2335 1174 2389 adhibet
1202 2334 1342 2405 piissimus
1364 2333 1473 2404 praesul,
1499 2333 1576 2387 ulad
1602 2348 1680 2388 suurn
1707 2334 1748 2388 ci-

91 2425 163 2478 mine
192 2425 363 2493 Gualbertus,
387 2427 435 2497 qui
459 2436 555 2498 postea
592 2429 706 2484 lernaei
729 2429 893 2496 monachus,
944 2428 1076 2498 triumque
1099 2442 1241 2481 assensum
1264 2425 1385 2482 Odonem
1407 2425 1507 2480 flectat.
1529 2424 1749 2479 Gislebertiser-

90 2533 122 2570 nc
135 2518 246 2571 demum
261 2518 289 2572 in
309 2518 501 2574 catalaunensi
517 2520 609 2575 Sancti
634 2521 706 2576 Petri
725 2522 893 2577 monasterio
944 2531 1027 2571 mone
1040 2516 1127 2570 victus
1149 2515 1206 2570 0d0
1220 2531 1248 2569 se
1262 2514 1319 2570 illic
1333 2529 1522 2569 remansurum
1548 2513 1705 2583 pollicetur,
1725 2514 1748 2569 si

89 2605 176 2659 abbas
203 2607 315 2671 exstitit,
344 2607 490 2678 quemdam
517 2609 707 2679 pythonicum,
729 2609 842 2665 surdum
866 2617 894 2665 et
944 2608 1027 2664 modo
1042 2607 1161 2664 liberum
1176 2608 1229 2663 sibi
1242 2608 1331 2662 locum
1353 2611 1493 2677 praestaret
1508 2606 1665 2676 episcopus.
1684 2606 1749 2661 llinc

90 2702 206 2760 mutum,
223 2695 338 2750 nutibus
357 2710 441 2766 super
467 2695 518 2752 hac
540 2713 568 2752 re
590 2698 740 2766 consuluit,
760 2705 841 2770 atque
861 2714 893 2753 ex
944 2697 990 2752 ille
1006 2713 1175 2771 magnopere
1190 2697 1368 2762 exhilaratus,
1389 2696 1586 2751 canonicorum
1606 2710 1748 2749 assensum

87 2802 122 2843 ee
138 2786 338 2856 praeterendum
355 2787 481 2849 Odonern
494 2788 639 2843 intellexit.
943 2789 1063 2858 expetil;
1085 2789 1123 2842 illi
1138 2788 1217 2860 quasi
1230 2788 1380 2842 futurorum
1397 2786 1578 2854 conjectores,
1604 2792 1707 2855 negant
1718 2802 1750 2841 ac

124 2879 188 2933 Cum
211 2879 268 2935 Odo
284 2880 387 2936 scholae
401 2881 569 2937 ‘fornacensi
584 2882 641 2936 lere
666 2897 715 2952 per
736 2883 892 2954 quinquen·
943 2886 1105 2951 pernegant·
1122 2877 1188 2931 Tum
1202 2891 1267 2931 vero
1282 2876 1431 2946 episcopus
1446 2890 1540 2946 eaque
1559 2874 1682 2944 pollebat
1698 2891 1749 2928 δυ·

89 2972 164 3026 nium
191 2971 358 3042 prael‘uisset,
379 2973 487 3029 oblatus
504 2982 546 3027 est
572 2973 597 3027 ei
623 2974 778 3044 aquodam
791 2927 1071 3030 clericos‘cronmte
1098 2967 1256 3040 predictam
1287 2967 1378 3022 Sancti
1417 2966 1525 3021 hlartini
1561 2965 1747 3033 ecclesiolam,

87 3059 157 3115 liber
169 3062 255 3116 saneti
270 3061 414 3134 Augustini
436 3066 473 3117 lle
487 3064 569 3117 libere
587 3064 713 3129 arbitrie,
737 3080 819 3135 quem
834 3081 893 3118 ma·
944 3060 1062 3131 quaesui
1088 3059 1158 3127 juris
1179 3068 1247 3126 erat,
1273 3057 1360 3113 Odoni
1376 3059 1490 3128 ejusque
1514 3056 1598 3112 sociis
1622 3056 1775 3112 absolute
1826 3099 1828 3105 ,

85 3155 171 3227 gister
188 3155 359 3225 compararit
372 3156 484 3226 quidem
505 3155 534 3210 in
559 3172 614 3210 suae
629 3157 891 3227 ,bibliothecresup-
945 3152 1029 3206 tradit
1048 3167 1153 3223 cosque
1176 3151 1296 3207 solemni
1316 3149 1494 3221 processione
1511 3148 1538 3202 in
1555 3163 1614 3202 eam
1635 3146 1750 3201 deducit

89 3244 270 3313 plementum,
287 3242 376 3297 sedin
391 3244 522 3298 scrinium
534 3259 596 3298 eum
612 3245 809 3300 caeterislibris
825 3262 891 3317 pro·
943 3259 969 3297 vr
992 3243 1083 3298 Nonas
1098 3243 1169 3306 llaii,
1192 3258 1253 3313 quae
1268 3242 1328 3296 dies
1350 3241 1492 3296 [lominica
1519 3246 1587 3305 erat,
1608 3255 1681 3293 anno
1698 3238 1750 3293 llo·

86 3334 164 3400 jecit,
192 3333 295 3404 quippe
319 3333 367 3404 qui
397 3332 520 3404 prolanae
543 3333 703 3389 litteraturae
721 3341 792 3390 totus
812 3335 893 3389 addi·
943 3333 1052 3388 minicae
1067 3332 1266 3388 incarnationis
1288 3332 1368 3397 1092,
1391 3346 1495 3402 eosque
1511 3329 1614 3383 ibidem
1637 3328 1689 3383 sub
1706 3345 1751 3382 re-

89 3432 159 3489 ctus,
186 3425 274 3500 magis
294 3425 482 3481 delectabatur
512 3426 632 3482 lectione
661 3425 782 3481 Platonis
809 3443 891 3498 quam
942 3428 1007 3502 gula
1021 3427 1108 3480 saneti
1122 3424 1270 3500 Augustini
1287 3424 1314 3478 in
1329 3423 1424 3478 habitu
1444 3420 1565 3477 clericali
1586 3421 1641 3475 lleo
1662 3420 1750 3474 serri-

90 3515 244 3587 rlugustini.
262 3515 341 3571 Forte
369 3515 470 3575 accidit
484 3522 513 3571 ut
534 3521 597 3587 post
611 3516 681 3571 duos
700 3515 757 3570 lere
783 3532 893 3570 menses
944 3526 1019 3575 turos
1032 3517 1148 3573 dimisit.
1166 3517 1228 3572 llaec
1252 3515 1346 3570 omnia
1368 3514 1428 3568 luse
1448 3519 1646 3569 commemorat
1674 3511 1750 3565 lleri³

89 3604 175 3660 Boetii
194 3604 281 3661 libros
306 3607 342 3660 lle
360 3605 539 3661 retentatione
552 3605 731 3676 philosophia
748 3605 894 3676 discipulis
945 3622 1062 3662 mannus
1089 3605 1177 3660 abbas
1200 3605 1227 3658 in
1254 3603 1325 3657 libro
1346 3602 1383 3657 lle
1412 3600 1613 3657 restauratione
1632 3599 1750 3654 abbatim

90 3698 268 3772 praelegeret3
291 3697 340 3752 ubi
366 3711 432 3753 vero
464 3697 499 3751 ad
515 3703 641 3768 quartum
658 3695 769 3763 librum,
786 3697 814 3750 ln
839 3711 894 3768 que
945 3698 1037 3753 Sancti
1054 3696 1163 3751 hlartini
1192 3695 1375 3750 Tornaeensis
1396 3694 1503 3765 (Spieil.
1523 3698 1542 3746 t.
1566 3692 1667 3762 llll,p.
1698 3691 1751 3747 398

88 3785 123 3840 dc
152 3786 241 3841 libero
267 3785 383 3842 arbitrio
411 3786 510 3860 agitur,
530 3787 712 3857 pervenisset,
736 3786 896 3842 recordatus
945 3794 970 3844 et
995 3789 1089 3861 seqq).
1106 3790 1183 3844 Tunc
1202 3787 1336 3858 temperis
1359 3785 1516 3857 saeroigne
1537 3790 1593 3839 tota
1615 3783 1750 3853 lerepro·

92 3880 177 3950 empti
202 3879 277 3943 libri,
298 3894 361 3936 eum
385 3879 439 3934 sibi
459 3878 548 3935 afferri
573 3879 663 3948 jussit,
688 3879 798 3951 siquid
827 3879 896 3936 ferte
945 3882 1035 3939 vincia
1048 3888 1173 3938 contacta
1187 3889 1239 3946 est,
1254 3880 1283 3934 in
1298 3878 1393 3951 primis
1415 3876 1480 3931 urbs
1498 3875 1683 3941 tornacensis
1703 3874 1751 3928 uhi

67 4006 70 4011 .
93 3968 121 4022 in
135 3968 305 4022 concedere
318 3967 513 4023 observatione
523 3968 637 4041 dignum
659 3967 804 4038 reperiret·
816 3965 894 4032 Tum,
946 3975 1100 4032 nonsolurn
1121 3990 1153 4028 ex
1169 3971 1249 4040 urbe,
1265 3971 1314 4026 sed
1329 3970 1411 4025 etiam
1427 3985 1442 4024 a
1463 3968 1576 4024 remotis
1590 3966 1752 4041 regionibns

90 4060 169 4116 lectis
184 4060 293 4114 duabus
308 4059 429 4115 tribusve
449 4060 509 4130 ejus
525 4060 650 4136 pagellis,
666 4060 708 4115 sie
721 4077 754 4114 ea
777 4060 896 4115 lectione
946 4064 1058 4136 plurimi
1075 4063 1138 4137 igne
1151 4061 1199 4117 illo
1214 4060 1315 4126 adusti,
1330 4058 1365 4113 ad
1379 4058 1524 4113 ecelesiam
1540 4056 1566 4110 ll.
1584 4055 1674 4110 Marius
1687 4071 1751 4129 gre·

90 4151 204 4207 affectus
231 4157 282 4217 est,
305 4156 336 4205 ut
358 4151 484 4222 protinus
502 4152 661 4208 convocatis
680 4151 833 4223 discipulis,
848 4154 894 4209 in·
946 4153 1030 4227 galim
1044 4149 1251 4205 deferebantur.
1267 4147 1343 4201 Tune
1358 4147 1506 4217 episcopus
1521 4143 1611 4199 cxilla
1626 4142 1753 4213 principe

89 4249 162 4304 venti
177 4247 297 4303 thesauri
312 4247 408 4302 rolens
434 4262 483 4303 eos
500 4258 570 4302 ‘esse
586 4248 752 4320 participes:
778 4273 790 4299 a
814 4199 1064 4317 vam,Deeclesia
1079 4239 1112 4294 ad
1133 4237 1227 4293 Sancti
1243 4235 1349 4291 llartini
1369 4233 1541 4289 ecclesiolam
1563 4233 1590 4286 in
1606 4231 1652 4285 die
1673 4230 1752 4284 Exal·

90 4337 190 4408 inquit.
221 4338 353 4393 hacteuus
373 4336 497 4412 ignoravi
513 4346 622 4409 quantae
647 4337 783 4395 laenndim
802 4346 830 4394 et
845 4338 895 4393 do·
945 4331 1056 4386 tationis
1074 4335 1175 4384 sancte
1197 4325 1287 4381 erucis
1304 4324 1457 4378 solemnem
1479 4320 1579 4375 indixit
1599 4319 1753 4390 processio-

89 4427 184 4482 ctrinae
199 4434 272 4481 esset
292 4426 473 4501 Augustinus,
492 4449 503 4470 n
520 4440 640 4496 moxque
655 4426 756 4482 librum
769 4429 859 4499 ipsum
879 4442 895 4480 a
946 4440 1020 4488 uem,
1043 4438 1105 4495 quae
1129 4419 1211 4475 nudis
1233 4415 1352 4489 pedibus
1374 4415 1444 4469 lacta
1471 4419 1523 4478 est,
1559 4411 1693 4481 deinceps
1718 4411 1752 4464 nd

91 4516 180 4587 capite
194 4531 316 4580 exorsus,
334 4515 435 4586 ipsoac
452 4514 580 4585 sequenti
596 4514 642 4569 die
656 4515 799 4587 discipulis
816 4514 893 4588 legit,
945 4523 1069 4571 nostrum
1094 4527 1182 4584 usque
1209 4517 1328 4579 tempus,
1364 4507 1453 4578 inquit
1473 4505 1664 4568 llerimannus,
1694 4503 1753 4573 ipsa

91 4609 289 4681 etexplanavit.
306 4609 370 4664 Cum
379 4624 445 4665 vero
464 4610 498 4663 ad
511 4609 610 4664 librum
623 4610 732 4664 tertium
754 4609 895 4680 pervenis·
946 4610 992 4665 die
1007 4608 1178 4664 continuata.
1198 4603 1331 4658 Caeterum
1352 4609 1453 4673 praeter
1473 4616 1582 4671 eaquae
1598 4599 1754 4653 illeauctor

90 4705 142 4766 sot,
163 4700 189 4753 in
203 4714 258 4771 quo
277 4703 388 4753 sanctus
407 4698 505 4753 doctor
524 4697 653 4753 miseram
671 4698 785 4768 exponit
800 4713 896 4769 pecca·
948 4700 983 4755 do
998 4701 1092 4755 odone
1109 4698 1200 4762 habet,
1217 4693 1350 4749 nonnulla
1374 4692 1456 4748 etiam
1471 4691 1603 4747 discimus
1618 4708 1650 4744 ex
1669 4689 1754 4744 Goele-

92 4800 180 4847 torum
203 4791 403 4858 conditionem,
430 4791 477 4862 qui
505 4791 649 4848 mundum.
680 4788 771 4844 leriae
797 4789 897 4844 cloacae
949 4790 1011 4846 iridi
1041 4784 1185 4843 ilemensis
1208 4782 1340 4857 magistri,
1370 4781 1429 4850 ejus
1457 4780 1549 4846 amici,
1573 4779 1697 4834 versibus
1726 4778 1753 4830 in

93 4883 221 4950 Similem·
250 4882 356 4939 eoelesli
389 4881 485 4955 gloriae
507 4889 691 4950 anteponunt,
721 4895 776 4952 prae
800 4880 898 4935 intimo
950 4883 1050 4956 quibus
1064 4879 1167 4937 odonis
1182 4877 1312 4933 natalium
1329 4876 1459 4932 nobilitas
1472 4883 1501 4931 et
1520 4872 1680 4930 excellentia
1696 4873 1756 4940 ejus

96 4975 191 5030 dolore
204 4975 384 5046 altesuspiria
396 4973 499 5041 exlimo
514 4972 635 5042 pectoris
650 4972 775 5026 trahens:
799 4969 897 5025 allenl
951 4974 1055 5049 ingenii
1072 4989 1103 5027 ne
1125 4971 1257 5027 doctrinae
1277 4983 1453 5040 summopere
1473 4967 1667 5038 praedicantur.
1686 4965 1757 5017 luter

96 5066 195 5137 inquit,
217 5082 297 5137 quam
312 5065 405 5119 stricte
423 5063 473 5117 ista
494 5076 545 5117 nos
561 5062 648 5136 tangit
669 5060 823 5132 premitque
834 5076 900 5115 sen·
951 5066 1005 5121 alia
1020 5080 1084 5120 roro
1097 5064 1157 5133 ejus
1172 5061 1307 5134 opuscula
1319 5059 1412 5114 laudat
1424 5057 1545 5113 libellum
1564 5059 1601 5112 lle
1611 5055 1683 5111 bello
1693 5056 1758 5110 Tro·

96 5159 195 5215 tential
212 5160 259 5231 qui
279 5159 372 5213 omnia
394 5156 485 5212 studia
513 5163 605 5211 nestra
622 5155 649 5209 in
678 5170 753 5209 ranae
776 5153 900 5209 scientiae
949 5156 1026 5227 jano,
1047 5170 1128 5225 quem
1145 5152 1179 5207 nh
1207 5167 1240 5205 co
1256 5150 1360 5204 editum
1385 5164 1445 5203 esse
1474 5147 1578 5201 scribit.
1597 5144 1758 5200 lloeGnde·

97 5251 309 5323 acquisitionem
345 5248 525 5316 conferimus,
557 5248 643 5302 divini
672 5247 762 5302 cultus
786 5247 900 5301 omnino
953 5243 1110 5314 lridiopus,
1132 5242 1272 5297 Somnium
1294 5238 1435 5294 deOdone
1451 5236 1646 5291 Aurelianense
1661 5233 1759 5305 inseri-

99 5348 276 5403 immemores
299 5344 461 5402 etuoelestis
479 5343 583 5417 gloriae,
601 5359 633 5396 ea
649 5348 838 5413 postmortem
860 5341 902 5395 in·
954 5343 1042 5408 ptum,
1057 5335 1199 5398 hactenus,
1230 5336 1260 5386 ut
1286 5344 1358 5396 reor,
1375 5328 1521 5391 ineditum,
1551 5325 1707 5380 invenimus
1731 5324 1758 5377 in

99 5438 177 5511 digni
206 5434 302 5491 luturil
327 5435 432 5503 Quibus
458 5435 539 5491 dictis
566 5434 695 5496 surrexit,
717 5441 844 5504 totusque,
861 5432 903 5486 la.
955 5425 1050 5482 codice
1067 5421 1176 5493 collegii
1191 5415 1582 5475 societatislesuParisiensis
1596 5420 1659 5468 ante
1673 5429 1761 5467 arruns

100 5527 203 5599 crymis
229 5523 357 5596 perfusus
380 5524 525 5582 ecelesiam
549 5525 690 5595 ingressus
712 5528 764 5576 est.
785 5521 823 5574 ald
845 5520 905 5576 haee
957 5519 1124 5591 quingentos
1138 5514 1250 5585 scripto.
1273 5513 1308 5566 Ex
1329 5527 1384 5582 quo
1399 5526 1462 5566 cum
1481 5507 1605 5563 libellum
1622 5507 1760 5578 integrum
