3720 6014
79 215 133 270 409

536 212 710 269 clinamen.
731 243 765 254 —
785 213 974 271 unctantem
994 216 1125 273 NICOth
1146 217 1280 273 hblBth.

519 351 668 358 —--—-—.-

1698 227 1748 282 tto

1084 354 1184 360 —--.
1196 355 1223 359 ....-
1248 355 1291 360 --
1297 355 1738 368 --—-——...-.-—-——-.—.-

274 515 677 615 AUCTARIUM
725 517 1013 617 NICOLAI
1066 520 1545 620 ambianensis

112 734 242 789 Nicotaus
258 734 449 789 ,bulionensis
464 738 537 791 cirne
553 753 580 790 e.
597 736 666 792 1203
689 737 765 792 breue
773 738 915 792 chronicon
935 740 970 792 ob
987 738 1018 794 0.
1039 740 1068 793 C.
1080 756 1165 809 aspere
1179 742 1217 795 art
1231 757 1257 795 u.
1279 740 1348 797 teos
1362 744 1474 810 scripsit
1493 746 1549 796 octo
1565 743 1653 805 libris,
1663 747 1747 798 totum

75 807 111 857 oet
126 807 237 859 uerbum
258 808 431 876 compilatum
446 823 480 861 en
499 809 624 872 Eusebio,
636 809 809 878 Hierony-mo,
830 811 966 877 Sipeberto
981 812 1092 879 ejusque
1112 815 1344 868 continuatoribus
1358 816 1548 882 Ursicnmpiuo
1564 819 1644 882 ntqrre
1658 816 1748 884 Apuri-

74 878 203 940 ciuctino,
220 878 319 946 quibus
334 879 447 933 aliunde
456 882 541 947 petite
555 882 728 949 interspersit
745 896 776 934 eo
791 885 899 935 trcntnrn
920 897 980 950 quiec
994 883 1037 936 tric
1052 884 1148 936 <lirinus
1164 901 1177 937 c
1196 885 1283 937 codice
1303 887 1376 953 nepio
1392 887 1540 939 Parietina
1553 887 1747 955 irtlcrb'npplc-

72 953 163 1001 meante
194 949 282 1002 latinu
303 966 331 1001 u.
360 949 412 1005 783
439 965 461 1004 s.
480 967 543 1003 svin
571 951 706 1021 descripto
729 952 922 1007 ecorliceolim
948 954 1096 1020 Pitlnenno,
1117 959 1173 1007 tum
1199 956 1353 1018 llluistinoe,
1376 972 1448 1008 rrutrcc
1474 957 1604 1010 Vaticano
1630 972 1657 1010 n.
1679 958 1741 1017 tlt,

73 1019 249 1145 qnpququwsl.
274 1035 329 1074 xvv.
356 1023 400 1076 Er
433 1021 521 1076 coelem
549 1023 638 1077 codice
657 1028 730 1092 reqio
759 1038 844 1077 aurcos
873 1023 1030 1079 itta-tent
1055 1031 1192 1095 eceerptos
1217 1027 1279 1095 jum
1307 1027 1394 1082 edidit
1412 1031 1477 1082 Dom
1504 1026 1578 1083 lirini
1601 1029 1673 1094 XIV,
1700 1027 1745 1093 il,

105 1235 171 1289 tet.
199 1235 249 1300 Qut
280 1251 340 1290 crim
366 1253 382 1291 a
411 1238 529 1308 quodam
558 1240 694 1294 monacho
722 1255 806 1311 snper
835 1239 1098 1312 eo,Aimperotore
1116 1241 1224 1310 directi,
1240 1242 1266 1296 in
1294 1243 1438 1298 cersonam
1456 1243 1637 1313 deportavere
1653 1240 1745 1295 hlarti-

70 1322 146 1394 quod
163 1322 285 1394 petebat,
309 1339 375 1395 sepe
396 1326 532 1396 repulsam
550 1327 672 1397 patiente
691 1327 882 1382 excommnui-

70 1424 150 1471 catns
166 1424 249 1482 esset,
265 1425 291 1472 et
311 1419 463 1474 monaelms
482 1420 644 1495 aufugisset,
662 1421 729 1477 dixit
753 1438 782 1477 sc
809 1424 881 1478 nolle

68 1522 178 1563 sumere
193 1506 297 1575 eibnm,
326 1508 415 1564 (lonae
442 1509 635 1564 absolveretur
657 1510 692 1565 alr
716 1527 761 1579 eo,
783 1512 882 1568 Verum

67 1614 131 1654 cnm
149 1598 203 1654 loci
219 1600 294 1654 illins
310 1600 457 1672 episcopus
473 1602 669 1672 pronunciaret
689 1620 750 1658 enm
768 1603 881 1660 absolu-

69 1696 140 1756 tum,
157 1691 302 1761 presertim
323 1707 384 1746 cnm
407 1708 462 1747 non
481 1693 599 1764 quilibet
624 1696 882 1751 excommunicandi

68 1785 192 1841 habeant
207 1792 382 1859 potestatem,
413 1804 467 1844 non
496 1789 634 1861 acquievit
655 1797 747 1846 tamen
763 1791 882 1863 impera-

66 1888 120 1941 tor,
150 1894 296 1952 quousque
325 1881 359 1935 ab
379 1882 650 1939 euconnnnuientore
677 1884 772 1941 luisset
799 1887 882 1942 abso-

66 1971 153 2026 lntns.

102 2063 168 2117 535.
190 2061 240 2127 put
259 2062 434 2119 insimulatus
451 2081 465 2118 a
486 2065 588 2137 popule
601 2082 661 2133 sne,
678 2083 711 2123 eo
726 2068 799 2139 quod
815 2069 883 2123 nris-

70 2170 129 2208 sam
147 2152 292 2209 celebrans
311 2154 444 2222 diluente,
470 2158 562 2213 statim
583 2159 677 2214 cibum
695 2168 828 2226 sumeret,
848 2162 881 2215 ad

65 2240 142 2313 qnod
173 2249 266 2298 tanuen
294 2258 357 2298 enm
391 2244 537 2301 infirmitas
564 2247 732 2319 impellebat,
768 2249 880 2305 Romam

66 2350 189 2408 pergens
213 2335 368 2407 sitiensque
383 2336 410 2392 iu
426 2339 536 2394 deserto
552 2355 606 2410 quo
630 2341 774 2409 transibat,
798 2343 882 2398 silve·

67 2433 140 2481 stres
169 2444 265 2484 cervas
285 2436 357 2485 stare
382 2430 477 2500 jussit,
506 2438 706 2506 steteruntque,
736 2451 880 2507 quousque

66 2516 139 2571 lacte
155 2534 250 2573 earnm
275 2526 357 2589 potus
373 2527 414 2576 est
440 2528 467 2576 et
486 2521 615 2578 reiectus.
643 2524 748 2580 Deinde
776 2542 882 2598 pauper

933 1347 1009 1394 unm,
1025 1333 1074 1386 nbi
1085 1332 1233 1388 deinuetns
1248 1342 1289 1388 est
1305 1342 1410 1405 postem
1441 1340 1468 1389 et
1488 1349 1588 1403 corpus
1616 1332 1677 1400 ejns
1693 1331 1744 1386 de·

933 1436 1006 1474 mutu
1039 1422 1150 1476 llomam
1181 1422 1306 1488 relatum,
1337 1422 1474 1492 sepultum
1499 1428 1543 1476 est
1569 1421 1596 1475 in
1627 1420 1745 1476 ecclesia

933 1513 1021 1567 sancti
1036 1513 1169 1569 sitvestri.

969 1600 1030 1656 eto.
1062 1602 1146 1674 liujus
1162 1609 1286 1673 tempore
1314 1602 1433 1657 ecelesia
1454 1603 1608 1670 llaveuuas,
1624 1620 1678 1674 qne
1699 1604 1745 1658 din

934 1698 1112 1745 recesserata
1129 1690 1259 1755 horunanc,
1282 1689 1362 1744 rediit
1376 1691 1407 1743 ad
1421 1707 1492 1744 eam.

968 1785 1030 1839 68l.
1047 1782 1103 1837 Sub
1117 1784 1169 1838 hoc
1184 1781 1320 1838 indultum
1337 1791 1379 1838 est
1392 1785 1426 1839 ab
1443 1785 1620 1855 imperatore,
1646 1792 1675 1839 ut
1691 1785 1746 1840 Re·

932 1888 1031 1927 manns
1047 1888 1116 1942 papa
1141 1871 1244 1926 nullius
1273 1872 1405 1943 requisito
1427 1889 1574 1936 consensu,
1597 1874 1687 1928 statim
1708 1890 1744 1930 ex

933 1976 988 2033 elno
1002 1960 1123 2032 eligitur,
1135 1969 1323 2015 consecretur.

967 2047 1029 2102 786.
1047 2047 1096 2112 Qui
1127 2046 1390 2117 Constantinopolim
1418 2047 1567 2119 aliqnando
1583 2050 1740 2116 veniens,a

933 2135 1087 2191 lastiniano
1101 2135 1255 2191 honorifice
1269 2143 1425 2206 susceptus,
1442 2136 1519 2189 urbis
1539 2137 1614 2209 regie
1626 2137 1742 2208 privile-

932 2228 977 2302 gia
997 2228 1148 2284 renovavit.
1165 2227 1221 2292 Qua
1245 2243 1354 2283 reverso
1375 2228 1499 2294 hornam,
1515 2228 1667 2283 trucidatur
1680 2230 1743 2284 ins-

933 2317 1054 2371 tiuiauns
1069 2333 1084 2370 a
1100 2316 1253 2387 Philippico
1274 2315 1420 2387 imperinm
1437 2316 1587 2387 arripiente
1608 2317 1739 2373 heretico.

932 2405 981 2469 Qui
1000 2414 1111 2476 propter
1127 2405 1246 2460 heresim
1263 2421 1313 2460 nec
1328 2406 1412 2461 Romo
1438 2405 1549 2461 habitns
1563 2414 1605 2461 est
1621 2406 1740 2478 impera-

931 2507 984 2569 tor,
1005 2518 1056 2557 uec
1076 2503 1169 2557 Petrus
1181 2502 1216 2557 ah
1231 2518 1264 2557 eo
1279 2502 1379 2557 missus
1392 2503 1562 2571 Ravennam,
1575 2510 1604 2558 nt
1620 2504 1699 2559 italie
1716 2505 1741 2560 el
1814 2504 1818 2509 ’

70 2607 171 2662 01„qu
192 2625 246 2665 non
263 2610 370 2664 habens
385 2610 460 2666 undo
481 2627 579 2683 papam
606 2613 764 2681 honoram,
785 2616 880 2688 impe,
893 2589 919 2658 Β
931 2591 1117 2647 Rauracorum
1127 2594 1181 2648 dnx
1196 2602 1278 2659 esset,
1297 2594 1381 2664 recipi
1403 2594 1519 2664 potuita
1532 2595 1672 2651 Romanis.

66 2703 127 2750 etas
146 2713 211 2752 aves
235 2699 359 2754 volantes
372 2705 449 2769 aptas
464 2700 559 2755 edulio
586 2701 645 2770 ejurs
666 2702 765 2758 itinere
790 2704 877 2774 pede-

65 2789 116 2843 stri
141 2798 239 2844 euntes
252 2791 286 2844 ad
304 2791 469 2860 presentiam
495 2793 587 2866 vigint
603 2793 694 2848 eidem
715 2794 800 2849 dedit.
828 2795 878 2860 Qui

65 2880 178 2951 cognita
204 2879 254 2934 viri
279 2880 434 2949 sanctitate,
453 2883 529 2937 cunni
554 2889 649 2937 eontra
674 2899 736 2938 cnm
753 2883 878 2956 calump-

67 2972 142 3026 niam
147 3007 303 3028 ......

101 3063 164 3120 633.
182 3063 237 3119 linc
250 3065 338 3121 electe
351 3066 452 3121 milites
478 3067 593 3122 Romani
609 3067 768 3123 invaserunt
784 3069 877 3124 eccle·

65 3156 136 3210 siam
156 3155 380 3225 lateranensem,
397 3158 490 3215 omnia
514 3175 578 3215 vasa
593 3176 676 3215 aurea
703 3168 731 3216 et
746 3169 876 3234 argentea

64 3251 250 3313 asportantes,
268 3247 381 3302 et'iuter
404 3262 433 3302 se
449 3255 554 3319 partem
577 3248 743 3316 dividentes,
771 3259 876 3320 partem

65 3333 158 3388 erario
185 3336 405 3392 transmiserunt.
435 3336 578 3392 Mauritius
598 3345 690 3394 antem
717 3339 879 3395 cartularius

65 3429 92 3477 et
109 3422 213 3478 isacius
228 3425 355 3496 patritius
370 3433 398 3482 ct
422 3428 542 3482 exarcha
566 3427 649 3483 totius
665 3428 753 3495 italie,
776 3429 878 3500 quibus

64 3513 208 3570 actoribus
234 3514 305 3571 lacta
330 3524 405 3580 sunt,
441 3532 496 3571 non
527 3517 576 3571 din
605 3515 768 3587 impunitate
791 3517 877 3590 gavisi

64 3612 147 3674 snnt;
163 3623 226 3661 nam
240 3607 380 3663 Mauritius
407 3607 441 3663 ab
465 3610 552 3665 Isacio
571 3608 724 3664 decollatus
745 3618 786 3664 est
811 3625 875 3680 pos-

63 3706 119 3765 tea,
136 3705 164 3753 et
179 3698 304 3756 isacinsa
320 3700 375 3756 Deo
389 3717 549 3771 percussus.

99 3790 163 3844 636.
179 3789 263 3858 hujus
279 3798 403 3861 tempore
420 3791 519 3862 Pyrrus
538 3793 573 3847 oh
591 3793 707 3848 heresim
735 3792 878 3862 depositus

965 2688 1027 2743 90⁹2.
1044 2689 1089 2744 llis
1114 2690 1286 2761 temporibus
1309 2689 1482 2745 Gormnndus
1507 2707 1554 2746 rex
1582 2690 1686 2747 illiricae
1706 2692 1740 2747 de

930 2789 1002 2836 secta
1021 2781 1174 2837 blnliometh
1190 2782 1315 2837 collectis
1341 2782 1429 2854 copiis
1455 2799 1569 2859 reguum
1591 2784 1739 2856 huglornm

928 2874 997 2928 mari
1014 2880 1184 2940 transuectus
1206 2874 1316 2929 invasit.
1344 2874 1382 2927 hd
1399 2891 1481 2945 (quem
1498 2875 1664 2950 confugiens
1688 2875 1743 2946 Hy-

927 2965 1084 3037 senbertns,
1107 2967 1134 3021 in
1149 2967 1314 3023 avunculum
1335 2983 1416 3021 snum
1433 2967 1601 3022 Lndovicnm
1631 2983 1673 3022 res
1688 2984 1740 3023 uo-

926 3075 974 3114 nas
993 3057 1122 3123 moliens,
1140 3059 1266 3130 promisit
1290 3059 1325 3122 ei,
1343 3060 1417 3130 qnod
1441 3075 1494 3130 ope
1514 3059 1574 3128 ejus
1597 3058 1739 3115 Franciam

927 3148 1077 3204 obtineret.
1092 3148 1141 3212 Qut
1159 3165 1228 3202 vana
1243 3165 1291 3218 spe
1306 3149 1416 3215 ductus,
1432 3149 1550 3203 navibus
1572 3149 1665 3204 mnltis
1680 3150 1741 3204 bel-

928 3244 1043 3298 latorum
1061 3243 1151 3314 plenis
1179 3243 1292 3298 Pontivn
1323 3243 1476 3313 applicans,
1500 3240 1634 3298 maritima
1651 3260 1741 3315 popu·

929 3331 999 3386 latus
1012 3342 1064 3387 est.
1082 3331 1323 3400 Curinsexercitum
1341 3339 1534 3404 pervagantem
1551 3342 1626 3385 extra
1647 3333 1739 3387 menia

928 3426 1165 3493 ambianensium,
1182 3425 1262 3480 sessis
1277 3425 1351 3481 bello
1374 3426 1493 3491 civibus,
1520 3426 1634 3499 indigue
1650 3425 1740 3481 leren-

928 3523 969 3572 tes
984 3525 1117 3583 matrone,
1144 3531 1255 3589 egresse
1281 3514 1377 3569 urbem
1401 3532 1463 3570 cnm
1488 3515 1582 3581 armis,
1599 3516 1691 3570 hostes
1704 3517 1738 3570 ad

928 3618 1016 3665 castra
1041 3609 1135 3683 sugere
1159 3609 1361 3679 compulerunt.
1395 3608 1471 3663 Unde
1488 3608 1662 3682 privilegium
1685 3609 1739 3664 hnc

927 3711 1099 3766 mernerunt,
1116 3701 1190 3773 quod
1207 3700 1235 3754 iu
1265 3700 1382 3755 ecclesia
1397 3699 1529 3754 mulieres
1548 3699 1680 3754 adextris
1695 3716 1739 3755 se-

928 3792 1022 3847 deant.
1045 3790 1186 3845 hmbianis
1212 3807 1258 3845 rex
1273 3798 1365 3844 antem
1396 3789 1562 3843 Francorum
1584 3788 1740 3862 profligavit

63 3900 79 3938 a
94 3883 162 3938 sede
187 3882 503 3956 constantinopolitana,
524 3903 556 3940 eu
580 3885 677 3941 hll'rica
694 3887 807 3942 Romam
835 3903 878 3942 vc·
890 3897 915 3966 C
928 3886 1030 3941 deiude
1050 3886 1216 3940 Sarracenos
1238 3884 1310 3952 illos,
1327 3883 1486 3939 Gormnudo
1501 3899 1565 3956 rege
1580 3894 1607 3938 et
1626 3884 1741 3954 Hysem·

64 3974 117 4041 uit,
134 3980 161 4028 et
176 3972 277 4029 erroris
293 3974 475 4045 penitentiam
490 3992 505 4029 a
519 3975 665 4032 Theodoro
680 3993 751 4047 papa
761 3977 879 4048 gsnppli·

64 4078 133 4118 caus
147 4061 317 4132 impetravil3
339 4071 367 4118 et
379 4070 527 4136 antequam
551 4065 638 4120 exiret
654 4065 764 4132 urbem,
779 4066 812 4120 ad
828 4081 878 4121 vo-

66 4152 165 4206 mitum
191 4150 303 4207 redieus
319 4153 574 4210 excommunicatus
604 4160 654 4208 est.
691 4153 823 4210 Similiter
849 4162 877 4209 et

66 4240 170 4296 Panlns
193 4240 318 4310 ejusdem
341 4242 416 4297 sedis
431 4242 586 4313 patriarcha
613 4243 752 4299 hereticus
778 4258 878 4298 annn-

65 4330 118 4386 eiis
151 4330 224 4386 beati
244 4331 381 4388 Theodori
402 4331 565 4404 resipiscere
585 4333 718 4400 monitus,
748 4348 800 4388 nec
826 4348 875 4388 ac-

66 4424 227 4496 quiescens,
238 4423 383 4496 depositns
395 4435 448 4479 ost.

102 4516 167 4571 648.
208 4514 257 4570 llic
297 4515 409 4572 Panlnm
445 4515 797 4588 constantinopolitannm,
830 4516 878 4589 qni

67 4605 276 4660 Constantinum
290 4605 485 4676 imperatorem
499 4606 631 4661 docuerat
644 4606 759 4661 eredere
773 4605 878 4661 nnllam

66 4697 259 4770 operationem
285 4706 332 4753 ant
361 4699 528 4754 voluntatem
557 4699 585 4752 in
612 4698 730 4766 Christe,
759 4698 878 4755 coneilio

67 4792 180 4840 centnm
210 4785 412 4859 qninquaginta
432 4787 625 4858 episcoporum
656 4787 879 4843 excommnnica-

66 4877 116 4933 vit.
132 4877 172 4931 nd
195 4877 298 4932 ltaliam
314 4893 381 4953 ergo
402 4879 551 4953 regendam
568 4889 596 4935 et
616 4880 650 4935 ad
669 4879 790 4936 heresim
803 4879 877 4935 illam

67 4965 174 5022 ibidem
190 4966 419 5040 promulgandam
446 4969 547 5024 missus
572 4968 706 5040 Olimpins
727 4986 788 5025 cnm
809 4968 878 5024 nihil

66 5056 226 5130 proliceret,
240 5057 275 5113 de
295 5068 396 5117 conatu
419 5060 525 5117 hlartiui
540 5076 610 5133 pape
636 5069 755 5118 mertem
774 5061 881 5117 maehi-

67 5165 148 5213 nans,
165 5165 229 5205 cnm
256 5149 291 5205 ab
307 5167 340 5207 eo
356 5151 579 5208 communionem
609 5153 637 5208 in
653 5153 771 5209 ecclesia
786 5159 879 5208 sancte

928 3974 1007 4029 berto
1021 3974 1163 4046 proditore
1179 3973 1272 4048 gladio
1293 3973 1478 4044 interemptis.

966 4063 1042 4118 llll.
1059 4063 1207 4119 Nicholans
1221 4056 1417 4118 hmbiauensis
1444 4061 1576 4129 nascitur,
1600 4063 1647 4135 qui
1670 4063 1740 4118 hanc

927 4152 1027 4207 seriem
1043 4153 1217 4207 cronicorum
1234 4153 1359 4227 digessit.

964 4242 1042 4298 1152.
1072 4240 1256 4296 Theodericus
1281 4241 1472 4295 hviibianensis
1498 4241 1646 4311 episeopus
1661 4255 1737 4294 snam

927 4335 1114 4389 cathedralem
1125 4334 1271 4390 ecclesiam
1282 4334 1309 4388 in
1320 4332 1426 4389 honore
1442 4333 1520 4386 beate
1536 4331 1618 4386 blarie
1628 4337 1655 4385 et
1667 4332 1738 4385 beati

929 4429 1042 4484 Firmiui
1071 4429 1197 4500 martyris
1222 4427 1376 4483 consecrari
1406 4425 1500 4480 facita
1528 4426 1661 4480 Samsone
1684 4426 1739 4480 Rc-

928 4521 1016 4576 mensi
1045 4521 1265 4592 archiepiscopo,
1295 4517 1394 4574 vicinis
1417 4517 1575 4587 presulibus
1601 4531 1739 4573 cotrvoca·

930 4611 972 4666 tis.

964 4699 1042 4754 1153.
1060 4699 1089 4752 iu
1117 4693 1445 4752 territorioNoviomeusi
1476 4692 1622 4757 Cansiolis,
1652 4693 1740 4749 inec·

929 4787 1051 4856 elesiola,
1068 4786 1195 4842 monachi
1211 4784 1439 4857 supervenientes
1455 4783 1482 4838 iu
1497 4783 1635 4839 fenestula
1649 4785 1740 4856 negli-

928 4882 1027 4950 genter
1041 4875 1162 4947 positum
1184 4874 1298 4930 calicem
1322 4878 1350 4927 el
1378 4880 1486 4944 stnpani
1512 4871 1588 4927 intus
1603 4872 1738 4947 sangnine

931 4966 1075 5021 rubentem
1085 4966 1342 5037 deprehendentes,
1357 4981 1372 5018 a
1384 4964 1545 5036 presbytero
1557 4963 1666 5035 culpam
1677 4978 1741 5018 cou-

929 5061 1023 5118 fitente
1043 5061 1211 5128 didicerunt,
1228 5077 1289 5117 cum
1312 5068 1392 5133 stupa
1418 5060 1464 5115 illa
1490 5058 1602 5116 solitum
1623 5057 1739 5113 calicem

929 5152 1074 5227 detergere
1107 5168 1157 5222 per
1198 5152 1343 5218 incuriam,
1373 5152 1443 5206 iacta
1485 5147 1665 5221 perceptione
1694 5161 1740 5200 sa·

67 5240 152 5297 blarie
169 5242 205 5296 ad
220 5257 338 5314 presepe
353 5243 498 5315 reciperet.
524 5251 673 5315 expectans
696 5251 728 5300 nt
742 5218 917 5315 spatarinsD
929 5243 1035 5301 criticii.

66 5346 135 5385 snus
150 5329 240 5399 illum,
261 5330 333 5386 sient
353 5332 510 5389 condictum
534 5332 633 5399 inerat,
649 5332 822 5401 confoderet,
835 5348 880 5388 ex-

966 5335 1044 5390 1¹87.
1059 5334 1207 5408 Gregorius
1226 5333 1348 5389 Romane
1362 5331 1479 5389 ecclesie
1501 5327 1623 5402 presidet
1633 5327 1714 5382 l'llus
1731 5347 1738 5396 ;

67 5432 180 5482 nemine
190 5441 206 5479 a
218 5424 274 5480 beo
288 5425 425 5498 spatarius
438 5426 474 5481 de
486 5426 645 5498 proditione
659 5425 767 5483 veniam
784 5435 880 5497 postu·
929 5426 976 5499 qni
990 5424 1080 5481 statim
1104 5425 1138 5481 ad
1159 5424 1317 5481 invitandos
1330 5422 1449 5498 populos
1473 5428 1503 5476 nt
1517 5417 1635 5475 ecclesie
1649 5417 1740 5473 orien-

67 5516 145 5575 lavit.
170 5516 266 5573 Sedet
281 5517 415 5591 Olimpins
444 5517 573 5591 penitens
598 5520 634 5575 ad
650 5517 732 5575 fidem
754 5518 837 5574 rediit
851 5529 879 5578 et
928 5515 976 5571 tali
996 5523 1167 5583 succurrant,
1187 5514 1294 5590 legatos
1306 5531 1357 5585 per
1370 5513 1492 5568 diversas
1506 5508 1636 5583 regiones
1650 5513 1740 5562 trans-

68 5605 180 5678 eulpam
196 5605 352 5663 contessns.
368 5605 473 5664 Deinde
490 5608 525 5664 ad
554 5607 628 5664 idem
648 5608 755 5682 nephas
776 5607 823 5662 alii
843 5609 879 5666 ab
929 5606 1028 5676 mittit;
1040 5621 1241 5683 aggressusque
1262 5604 1426 5674 Ferrariam,
1448 5601 1561 5665 hornam
1576 5613 1738 5682 properans,
