3720 6014
87 118 139 172 scs
202 82 204 87 ’
419 86 423 93 ’
624 111 686 165 ιιι.
707 110 749 165 un
768 108 932 166 uvsvnaio
952 109 1042 165 ucm
1061 109 1221 168 ooniuici.
1699 128 1752 184 ιιι

87 262 167 300 suum
201 245 293 299 divisit
318 243 460 311 adulterae,
486 258 546 314 quae
576 256 610 297 eo
636 240 706 295 male
736 240 823 296 voluit
841 239 1070 316 uti„tlrugibus
1090 243 1144 298 illis
1165 245 1294 302 virtutum
1316 263 1382 320 ager
1403 250 1569 308 fecundetur
1583 257 1750 328 animarum,

45 347 49 383 ἐ
89 337 178 408 typice
188 336 293 390 scilieet
307 335 460 398 insinuans,
474 332 548 404 quod
559 337 669 405 tegmen
681 329 777 404 legalis
786 329 894 391 litterae,
946 333 981 387 de
996 334 1097 404 quibus
1113 334 1225 390 dicitur:
1241 343 1347 394 Honora
1360 345 1504 397 Dominum
1518 345 1549 397 de
1564 352 1612 399 trio
1626 348 1751 404 substan·

45 472 48 479 .
87 425 384 482 unde'ludaeinullum
406 424 510 480 habeut
539 421 701 494 proficuum,
732 437 781 492 l’er
801 421 895 475 lumen
947 435 995 498 tiu,
1011 438 1036 486 et
1056 432 1088 486 do
1099 432 1227 501 primitiis
1244 435 1357 502 frepum
1379 440 1491 489 tuorum
1506 439 1593 492 {Pr-ou.
1615 440 1652 509 ui)
1691 441 1751 496 llaec

45 532 49 566 ῑ
88 522 238 577 divinitatis
263 521 446 576 uobisdebet
472 517 736 588 esseperspicuum.
767 516 828 570 llaec
854 522 896 570 est
930 506 1047 578 'ostilia
1066 524 1186 594 luxquae
1200 524 1343 579 Manassen
1363 533 1390 579 et
1418 526 1545 596 Ephraim
1562 528 1664 599 duplici
1688 547 1750 602 my.

89 610 135 665 illa
149 613 194 664 lul
209 625 258 680 per
272 625 354 680 (luam
366 608 394 661 in
414 607 516 677 ³⁰⁸0lib
531 603 895 676 e¹1¹i0³1¹¹ll⁸ils²¹ti³³dlllllel
946 613 1029 668 sterio
1044 613 1180 669 illustrare
1204 615 1323 681 volebat,
1353 616 1417 670 ditm
1444 619 1545 689 loseph
1563 628 1640 690 pater
1655 637 1751 678 eorum

45 720 47 757 ι
88 703 190 757 enituit
205 701 319 767 lructus,
340 701 403 755 dum
421 700 575 755 incarcere
595 698 669 753 solus
684 703 726 751 est
740 697 850 757 missus,
868 706 896 751 et
947 720 995 773 pro
1012 703 1207 759 benedictione
1222 703 1307 759 iacob
1323 721 1406 760 unum
1427 708 1460 762 ad
1477 709 1610 777 dextram,
1626 720 1653 767 ,q
1669 714 1751 768 apum

88 793 382 848 indesoluseductus:
405 788 895 862 perquodvidelicetuobisresur-
946 793 980 846 ad
1009 793 1147 848 sinistram
1183 795 1314 865 ponebat,
1356 798 1447 868 typice
1478 799 1639 874 significans
1678 808 1752 876 quod

90 887 241 941 rectionem
263 888 323 951 eius
343 884 370 937 in
391 883 477 955 ligura
502 881 620 954 signavit
639 880 698 951 qui,
715 895 897 955 resurgensa
947 887 1073 940 eamdem
1111 886 1224 962 liguram
1257 887 1366 959 utrique
1397 890 1550 946 habuerant
1578 894 1605 948 iu
1647 895 1752 954 Christo

89 983 216 1046 mortuis,
230 996 294 1036 suos
308 996 340 1035 ex
356 978 456 1034 inlerni
471 992 581 1032 carcere
597 975 785 1045 potentissime
800 975 897 1029 libera·
946 977 1009 1032 lesu
1032 994 1113 1048 quam
1139 978 1250 1049 gentilis
1285 995 1317 1033 ac
1353 980 1484 1037 iudaicus
1524 984 1643 1054 pupulus
1679 988 1755 1057 prius

88 1075 137 1128 vit.
156 1074 215 1128 ilaec
227 1081 268 1128 est
288 1073 335 1127 illa
354 1072 400 1125 lux
423 1085 485 1141 quae
509 1069 611 1138 loseph
632 1067 747 1122 internae
767 1067 897 1122 claritatis
948 1065 1044 1121 babuit
1072 1066 1100 1121 in
1122 1067 1206 1123 Jacob
1230 1075 1256 1123 et
1277 1069 1356 1124 Esau.
1388 1071 1451 1126 ttae
1475 1082 1517 1128 est
1544 1075 1590 1129 illa
1617 1076 1662 1131 lux
1691 1096 1753 1150 quas

88 1170 190 1218 tantam
212 1161 342 1232 aspiravit
366 1158 524 1221 scientiam,
554 1168 584 1212 ut
613 1157 707 1231 lingua
735 1157 795 1227 ey'us
824 1156 898 1211 iuter
948 1158 975 1211 in
1005 1158 1133 1214 manibus
1154 1159 1238 1214 Jacob
1264 1162 1423 1231 mysterium
1455 1166 1545 1220 crucis
1577 1167 1754 1243 praefigurare

87 1256 227 1326 principes
239 1255 398 1325 loqueretur
420 1250 595 1320 sapientiam,
622 1249 732 1320 quando
756 1249 783 1302 in
814 1250 896 1304 domo
947 1248 1065 1313 volebat,
1103 1264 1165 1303 cum
1205 1250 1304 1307 minori
1339 1253 1486 1320 dextram,
1527 1267 1553 1310 et
1582 1259 1679 1325 majori
1716 1262 1755 1314 si-

88 1344 238 1399 Pharaonis
250 1342 290 1396 illi
303 1341 452 1396 servitores
471 1340 531 1408 ejus
544 1338 572 1392 in
587 1338 708 1408 cophino
731 1339 895 1393 servierunt.
947 1337 1061 1391 nistram
1075 1354 1264 1408 superponere
1284 1341 1400 1407 solebat,
1422 1344 1536 1414 mystico
1552 1361 1602 1400 nos
1618 1347 1756 1402 instruens

89 1437 151 1490 ttaec
168 1441 210 1489 est
224 1433 270 1488 illa
285 1434 329 1487 lux
357 1448 417 1503 qua?
438 1430 549 1486 divertit
565 1430 600 1484 ah
621 1429 756 1485 oneribus
781 1429 896 1484 dorsum
947 1432 977 1479 ut
997 1425 1024 1479 in
1040 1426 1090 1481 bac
1105 1425 1275 1484 derivatione
1303 1446 1432 1486 manuum
1453 1432 1521 1486 nihil
1547 1434 1623 1488 aliud
1643 1435 1755 1491 sinistra

87 1524 162 1593 ejus:
192 1522 303 1593 quando
330 1537 377 1576 cor
411 1520 485 1574 illius
511 1519 637 1587 eiusdem
671 1518 757 1572 divini
781 1515 896 1572 luminis
949 1517 1118 1592 intelligatur
1136 1528 1183 1573 aut
1202 1519 1307 1587 dextra,
1330 1519 1384 1573 nisi
1417 1521 1491 1592 quod
1519 1538 1569 1591 per
1592 1524 1753 1594 mysterium

86 1613 374 1683 splendorirradiavit
389 1627 512 1686 egregie,
528 1625 561 1665 ne
576 1609 604 1664 in
621 1610 723 1684 Egypto
735 1607 893 1664 tribulatio·
911 1563 937 1631 Β
949 1608 1104 1677 crucisjam
1121 1611 1240 1681 populus
1263 1626 1335 1664 unus
1364 1611 1448 1665 ostiu
1477 1612 1608 1678 Ecclesia,
1636 1621 1664 1668 et
1683 1596 1755 1668 alius

89 1705 134 1758 nis
150 1703 301 1758 carnalium
319 1701 473 1756 divitiarum
495 1709 655 1774 gravaretur
669 1713 764 1762 onere,
781 1698 815 1752 de
839 1696 901 1768 qui·
948 1706 1033 1754 extra.
1058 1699 1175 1754 Haecest
1192 1700 1239 1754 illa
1268 1701 1312 1755 lux
1332 1718 1394 1772 quae
1422 1717 1478 1757 urio
1500 1703 1582 1759 modo
1604 1703 1756 1767 seniorem,

89 1795 142 1848 bus
169 1793 299 1864 scriptum
328 1799 385 1846 est:
416 1793 520 1845 Divitiae
544 1792 569 1843 si
587 1791 718 1855 effluent,
745 1788 828 1843 nolite
855 1802 900 1843 cor
948 1790 1609 1861 alioautemvoluitillustrarejuniorem,utin
1627 1796 1755 1865 Ephraim

89 1900 222 1954 apponet-o
247 1886 329 1951 (Psoi.
356 1886 418 1949 xxi).
450 1881 568 1935 llaecest
594 1880 640 1934 illa
656 1879 700 1933 lux
719 1894 781 1950 quae
794 1877 897 1950 «loseph
949 1892 976 1939 et
1001 1885 1124 1939 llanasse
1151 1887 1184 1940 ad
1204 1887 1333 1941 eumdem
1355 1887 1466 1942 morium
1492 1889 1587 1945 senior
1614 1890 1760 1948 inserviret

92 1977 196 2030 divinis
211 1975 355 2030 illustravit
370 1973 488 2047 legibus,
502 1973 568 2026 dum
593 1978 739 2041 petiolum
764 1971 899 2044 Egypittm
950 1976 1059 2044 minori,
1089 1993 1144 2050 quo
1178 1978 1205 2033 in
1233 1979 1302 2033 Esau
1331 1986 1358 2033 et
1387 1979 1472 2034 Jacob
1502 1981 1590 2051 major
1611 1982 1758 2038 videbatur

91 2065 216 2136 quintam
233 2071 337 2135 purtem
354 2062 464 2136 frugum
477 2059 616 2133 delegalil
635 2059 766 2132 iegib¹¹⁸2
792 2058 899 2131 signifi·
949 2069 1172 2136 scrvireminori.
1189 2071 1302 2126 llaecest
1316 2071 1361 2126 illa
1373 2071 1418 2125 lux
1433 2088 1495 2143 quae
1509 2073 1608 2128 eodem
1625 2077 1757 2146 mysterio

89 2158 298 2214 cansvidelicet
311 2157 385 2229 quod
402 2156 472 2228 ipse,
489 2155 536 2226 qui
551 2153 765 2226 primogenitum
781 2154 902 2210 bominis
952 2163 1126 2233 aliquatenus
1145 2163 1292 2218 illustravit
1320 2163 1500 2234 lineamque
1529 2165 1606 2235 prius
1625 2166 1762 2222 illustrare

90 2251 417 2326 quinquesiclisargenti
430 2249 666 2319 redimijubebat.
679 2265 729 2320 per
740 2250 901 2321 mysterium
953 2255 1042 2310 noluit
1066 2255 1135 2309 Esau
1164 2262 1191 2310 et
1224 2255 1379 2323 Manassen,
1418 2256 1482 2311 dum
1513 2273 1563 2327 per
1591 2257 1759 2314 ineffabilem

92 2342 316 2413 crucisquinque
329 2355 460 2395 sensuum
488 2346 644 2393 nostrorum
666 2338 819 2393 custodiam
843 2338 903 2410 qui·
953 2346 1072 2401 coelestis
1086 2347 1241 2418 disciplina
1254 2363 1398 2402 censuram
1415 2356 1533 2420 uterque
1546 2364 1641 2404 eorum
1662 2350 1762 2420 prioris

95 2435 138 2489 uis
151 2433 311 2488 vulneribus
327 2429 491 2486 redimebat.
507 2429 570 2484 llaee
584 2437 624 2484 est
637 2429 685 2484 illa
699 2429 744 2484 lux
758 2444 902 2500 perquam
955 2433 1049 2504 populi
1064 2434 1208 2490 videbatur
1235 2434 1339 2490 habere
1355 2434 1481 2508 figuram.
1514 2436 1574 2492 llaec
1593 2445 1634 2492 est
1653 2439 1700 2493 illa
1715 2439 1758 2493 lux

95 2523 418 2596 idemlosephillustrari
431 2521 540 2588 meruit,
553 2521 617 2576 dum
633 2537 682 2592 pro
695 2521 903 2592 dispensatione
954 2538 1094 2593 perquam
1108 2522 1207 2577 liuban
1230 2524 1440 2598 primogenitus,
1466 2533 1494 2580 et
1514 2525 1645 2582 lortitudo
1661 2528 1758 2598 petris,

95 2618 226 2673 frumeuti
250 2619 351 2672 horrea
388 2614 460 2686 regis
487 2613 605 2684 aperuit,
636 2613 724 2683 typice
755 2613 904 2686 designans
954 2618 1074 2688 peccatis
1104 2619 1164 2686 eius
1187 2619 1373 2692 exigentibus,
1401 2637 1510 2691 poennm
1532 2621 1582 2676 luit
1598 2623 1761 2695 iniquitatis,

97 2708 172 2780 quod
196 2706 312 2778 quilibet
347 2703 478 2776 praelatus
518 2719 602 2774 super
643 2703 773 2759 lamiliam
794 2703 904 2759 Domini
953 2709 1018 2763 dum
1038 2709 1137 2764 ordine
1159 2711 1292 2780 primatus
1319 2728 1411 2768 coram
1433 2723 1510 2784 patre
1540 2731 1591 2770 suo
1617 2731 1650 2771 co
1671 2716 1763 2770 miuus

98 2807 200 2855 tantam
223 2796 366 2851 habiturus
383 2803 425 2849 est
440 2810 544 2862 curam,
560 2805 593 2849 ut
604 2794 650 2849 det
661 2794 715 2849 illis
734 2795 762 2849 in
778 2801 903 2866 tempore
954 2801 1054 2856 meruit
1069 2802 1140 2857 inter
1154 2800 1223 2858 alios
1238 2803 1301 2868 lrui,
1317 2820 1372 2876 quo
1386 2806 1467 2877 culpa
1492 2807 1668 2880 primogeniti
1686 2809 1761 2879 prin·

96 2892 231 2965 spiritalis
254 2891 337 2945 tritici
354 2905 522 2944 mensuram.
540 2889 603 2945 llaec
631 2896 672 2944 est
701 2888 746 2944 illa
772 2889 817 2944 lux
843 2905 905 2962 quae
954 2894 1057 2965 cipium
1074 2895 1266 2952 auxitdoloris
1285 2898 1339 2953 sui.
1358 2898 1475 2954 lleecest
1502 2899 1548 2955 illa
1573 2902 1617 2955 lux
1643 2918 1705 2973 qum
1731 2901 1759 2956 in

98 2986 277 3043 interioribus
302 2985 390 3041 oculis
418 2984 478 3053 ejus
497 2982 678 3055 spiritualiter
706 2982 818 3049 insedit,
838 2982 904 3036 dum
957 2985 1136 3043 interioribus
1163 2989 1251 3043 oculis
1279 2989 1375 3045 lluben
1405 2992 1519 3046 omniuo
1545 2992 1673 3066 caligavit
1697 2994 1761 3050 ilum

100 3080 242 3150 benjamin
267 3078 342 3134 lratri
358 3094 408 3133 suo
437 3083 576 3133 trecentos
603 3084 748 3150 argenteos
774 3075 862 3138 dedit,
878 3081 908 3131 ut
958 3075 1048 3129 cubile
1064 3077 1205 3147 patrissui
1221 3079 1356 3141 ascendit,
1373 3087 1521 3136 elstratum
1534 3082 1762 3151 ejusmaculavit:

99 3186 157 3236 vos,
175 3168 348 3225 dilectissimi
378 3167 488 3233 fratres,
509 3166 537 3220 in
557 3166 661 3221 eisdem
677 3165 815 3237 argenteis
840 3163 908 3220 nihil
957 3162 1116 3237 significans
1143 3165 1272 3222 videlicet
1291 3168 1366 3239 quod
1390 3169 1522 3224 iudaicus
1538 3171 1658 3241 populus
1673 3172 1764 3226 cubile

100 3262 174 3317 aliud
193 3261 352 3334 intelligere
367 3259 502 3326 debeatis,
518 3258 570 3313 uisi
595 3258 755 3329 mysterium
771 3259 860 3314 crucis
881 3264 909 3312 et
958 3250 1005 3305 bei
1030 3251 1117 3306 Patris
1132 3254 1174 3307 sui
1191 3254 1343 3309 maculatus
1367 3257 1502 3324 ascendit,
1524 3258 1588 3311 dum
1611 3260 1637 3312 in
1666 3259 1765 3315 arbore

101 3357 184 3412 fidem
199 3365 300 3411 sancias
325 3353 474 3408 Trinitatis,
503 3352 564 3408 ttaec
578 3359 620 3406 est
645 3352 691 3406 itta
706 3352 751 3406 tux
776 3368 837 3423 quae
862 3368 910 3423 per
960 3342 1159 3414 cruciscorpus
1172 3345 1233 3413 ejus
1247 3345 1332 3400 clavis
1345 3346 1447 3403 lerreis
1469 3350 1627 3419 suspendit.
1646 3350 1709 3406 llaec
1724 3358 1766 3406 est

102 3455 241 3506 trecentos
256 3460 396 3510 numeros,
412 3445 461 3516 qui
479 3444 655 3500 continentur
673 3443 702 3496 in
726 3443 816 3498 littera
843 3443 909 3509 Tau,
961 3432 1006 3487 5¹¹³
1019 3428 1070 3487 ³1¹¹
1099 3450 1161 3505 (1¹1ae
1188 3434 1276 3490 ⁰⁰⁰1ss
1296 3436 1392 3491 buben
1422 3438 1505 3493 nimis
1527 3440 1764 3510 0l³l0b⁵⁰1¹l³lfls

103 3539 217 3612 liguram
232 3535 320 3591 erucis
335 3533 462 3604 quotidie
479 3533 559 3588 nobis
584 3532 706 3588 ostendit
734 3532 761 3586 in
790 3533 910 3606 imagine
960 3520 1025 3575 dum
1048 3538 1098 3594 pro
1113 3522 1224 3578 lascivia
1242 3524 1334 3579 nimiae
1348 3525 1494 3596 voluptatis
1508 3527 1611 3583 effusus
1636 3536 1677 3584 est
1696 3530 1767 3586 sicut

103 3629 178 3693 lesu,
219 3621 381 3698 significans
420 3622 526 3677 scilicet
559 3621 633 3693 quod
661 3636 709 3676 cor
732 3629 855 3677 nostrum
881 3624 909 3679 in
960 3631 1048 3686 aqua:
1071 3632 1166 3686 pinnas
1180 3617 1287 3674 scilicet
1301 3621 1406 3691 peccati
1432 3636 1465 3676 eo
1493 3623 1580 3696 magis
1602 3624 1721 3679 luiturus
1736 3625 1765 3679 iu

104 3721 221 3778 homino
240 3735 274 3776 eo
294 3718 376 3773 altius
401 3733 462 3772 esse
489 3716 572 3775 debet
598 3715 735 3782 innixum,
758 3731 813 3788 quo
841 3717 910 3773 nihil
961 3723 1076 3763 numero
1093 3709 1282 3781 fratrumque
1298 3728 1328 3766 se
1342 3713 1517 3789 primogeniti
1538 3716 1626 3771 doluit
1641 3717 1767 3771 amisisse

105 3812 178 3867 scire
214 3809 361 3874 debemus,
397 3807 449 3861 nisi
474 3806 612 3861 Christum
647 3805 753 3872 lesum,
782 3813 809 3861 et
836 3807 910 3863 bunc
961 3797 1120 3868 primatum.
1136 3799 1195 3854 llaee
1209 3808 1250 3857 est
1264 3801 1310 3856 illa
1326 3802 1445 3874 luxquae
1463 3803 1569 3872 huben,
1586 3806 1630 3861 cui
1647 3807 1768 3877 dignitas

105 3899 278 3956 crucilixum.
297 3898 357 3952 llaec
380 3903 422 3950 est
451 3894 496 3950 illa
511 3895 556 3949 lux
571 3910 633 3966 queo
649 3893 756 3950 duobus
779 3895 834 3950 illis
848 3896 914 3952 viris
963 3890 1172 3946 sacerdotaliset
1182 3893 1255 3967 regis
1265 3894 1428 3961 debebatur,
1443 3895 1520 3951 radio
1533 3897 1665 3968 spiritalis
1675 3899 1769 3973 gratiae

106 3989 388 4062 inaequaliterilluxit,
402 4003 472 4059 quos
486 3987 590 4042 Pharao
616 3987 650 4041 de
664 4003 776 4042 carcere
796 3989 913 4059 captivi·
963 3981 1056 4037 minus
1074 3981 1385 4052 illustrare'videbatur,
1399 4003 1461 4041 cum
1486 3986 1624 4044 effrenatae
1646 3989 1771 4044 libidinis

107 4080 171 4134 tatis
193 4078 366 4150 inaequaliter
397 4076 501 4143 eduxit,
530 4075 621 4146 typice
656 4075 736 4130 nohis
768 4076 913 4135 insinuans
963 4072 1049 4128 nimio
1063 4081 1192 4130 aestuaret
1205 4075 1358 4143 desiderio,
1374 4078 1421 4149 qui
1437 4086 1519 4134 antea
1535 4081 1610 4149 prior
1631 4081 1658 4134 in
1680 4081 1773 4167 donis,

109 4171 182 4243 quod
198 4171 310 4244 gentilis
323 4186 355 4224 ac
369 4168 500 4223 luduicus
514 4166 916 4238 populusdiviuaeremuuera·
965 4172 993 4219 el
1018 4166 1105 4236 major
1123 4176 1181 4222 erat
1196 4167 1324 4238 imperio.
1347 4169 1410 4224 llaeo
1434 4177 1474 4224 est
1489 4171 1536 4225 illa
1556 4173 1601 4225 lux
1623 4188 1671 4242 per
1690 4189 1772 4243 quam

110 4261 193 4317 tionis
208 4263 345 4333 inaequale
371 4260 461 4316 sortiti
489 4265 552 4314 sunt
571 4258 749 4324 heneficium,
778 4261 843 4317 dum
869 4254 1080 4336 perDSimeou
1096 4261 1122 4310 et
1137 4255 1210 4320 Levi,
1225 4272 1290 4311 vasa
1306 4257 1461 4329 iniquitatis
1485 4257 1626 4323 bellantia,
1643 4275 1692 4329 pro
1707 4276 1775 4331 ope·

111 4354 271 4426 mysterium
295 4353 385 4409 crucis
404 4368 476 4407 unus
496 4351 651 4422 praemium,
674 4359 701 4408 et
721 4353 791 4410 alius
814 4357 919 4429 recepit
969 4346 1045 4401 ribus
1060 4348 1245 4414 tenebrarum,
1261 4348 1340 4420 quasi
1355 4349 1446 4404 sidera
1468 4350 1666 4406 obnubilantur
1680 4367 1776 4407 erran-

111 4446 289 4517 supplicium.
314 4445 377 4500 ttae
390 4452 430 4500 est
446 4444 492 4499 illa
512 4444 558 4498 lux
586 4459 635 4514 per
657 4461 739 4516 quam
759 4446 825 4503 licet
847 4465 919 4504 unus
969 4438 1017 4505 tia,
1036 4439 1256 4512 quiaindiguum
1271 4440 1350 4496 valde
1366 4448 1449 4504 esset,
1464 4448 1523 4496 uta
1543 4442 1651 4496 coelesti
1668 4442 1774 4501 lumine

111 4553 206 4594 eorum
237 4537 269 4591 ad
299 4551 423 4609 punam,
443 4536 514 4592 alius
538 4535 703 4591 educeretur
729 4537 763 4591 ad
791 4538 918 4610 gloriam,
969 4526 1216 4584 interioreseorum
1228 4528 1583 4600 illustrarenturoculi,per
1597 4544 1667 4602 quos
1678 4532 1776 4588 scribae

112 4626 224 4698 utrique
250 4632 341 4680 tamen
369 4624 518 4680 bominieae
542 4625 750 4680 resurrectionis
777 4627 920 4701 signavere
969 4616 1169 4672 01⁸⁸⁰0ld0209
1189 4616 1294 4673 JUdlici
1310 4617 1477 4693 Pfaefissuslstl
1500 4626 1565 4673 ³¹¹¹st
1591 4620 1696 4691 ΡΟΡΠῙῙ·
1715 4621 1777 4678 *¹⁸20

112 4715 264 4778 victoriam,
291 4713 355 4767 dum
390 4729 444 4767 una
472 4711 626 4784 eademque
653 4711 775 4768 coelestis
799 4716 919 4785 mysterii
970 4716 1013 4761 est
1031 4706 1077 4761 illa
1090 4707 1136 4761 lux
1156 4723 1217 4778 quac
1232 4707 1262 4761 in
1276 4707 1407 4764 cordibus
1422 4725 1517 4765 eorum
1533 4710 1626 4766 lumen
1652 4712 1778 4769 veritatis

114 4810 199 4870 sorte,
228 4809 290 4873 post
312 4808 368 4857 tres
388 4801 447 4856 dies
474 4800 513 4855 illi
533 4800 568 4856 de
594 4817 716 4869 minere,
745 4809 773 4857 ei
800 4802 922 4859 emistus
971 4794 1035 4851 lecit
1046 4796 1268 4869 obscurum,qui
1283 4797 1310 4851 in
1323 4797 1414 4853 lurore
1429 4813 1478 4855 suo
1498 4799 1661 4855 occiderunt
1675 4801 1776 4867 virum,

112 4894 230 4951 surrexit
244 4911 260 4948 a
273 4901 371 4948 morte.
394 4893 456 4948 llaec
472 4901 515 4947 est
538 4892 584 4947 illa
605 4892 650 4948 lux
672 4909 818 4964 perquam
839 4895 920 4951 nobis
970 4892 998 4940 et
1020 4883 1047 4937 in
1075 4885 1171 4940 doloro
1184 4900 1234 4939 suo
1248 4883 1421 4942 suffoderunt
1435 4904 1558 4944 murum:
1590 4888 1778 4963 significantes

114 4985 142 5038 in
170 4984 304 5049 hlauasse,
321 4982 367 5054 qui
391 4982 485 5037 obliuio
513 4980 624 5048 dicitur,
644 4981 775 5038 iudaicus
803 4984 921 5056 populus
970 4975 1178 5048 videlicetquod
1188 4975 1227 5031 illi
1243 4975 1326 5032 nimis
1340 4980 1374 5033 ab
1385 4985 1486 5034 aeterna
1495 4980 1617 5055 elongati
1628 4981 1776 5048 suntluce,

114 5078 215 5133 divinae
226 5077 374 5133 oblivionis
386 5076 490 5132 ultione
499 5076 655 5146 subjicitur,
671 5091 717 5142 ne,
728 5092 744 5132 o
756 5076 920 5146 Christiane,
971 5064 1019 5136 qui
1034 5080 1136 5137 c0sl³¹¹s
1163 5066 1272 5120 ⁰⁰¹¹¹i¹s¹
1295 5066 1491 5122 eluelfileslmt
1519 5067 1614 5135 clavis,
1630 5068 1727 5122 lssssoea
1750 5075 1778 5125 θῑ

115 5171 242 5242 exemplo
263 5170 352 5240 ipsius
365 5168 537 5225 obliviscaris
565 5167 716 5223 conditoris
741 5169 791 5236 tui,
816 5171 922 5243 dequo
972 5169 1061 5210 “¹¹⁰⁰-
1081 5155 1142 5210 Haess
1160 5161 1204 5209 0³²
1223 5154 1405 5226 illaluxquae
1430 5170 1485 5212 ¹¹⁰⁰
1503 5155 1685 5212 ¹¹¹⁰d0lfl00b
1714 5157 1778 5212 5¹¹⁰·

115 5259 248 5330 scriptum
285 5267 345 5313 esi:
380 5257 480 5312 oblitus
515 5264 554 5312 esi
590 5261 695 5313 pomoni
727 5262 853 5315 croam
879 5263 924 5316 sm·
973 5246 1069 5303 stravit
1080 5247 1108 5300 in
1125 5244 1306 5312 Bethel,alio
1321 5262 1387 5303 vero
1400 5248 1514 5302 Simeon
1528 5255 1556 5300 et
1567 5245 1629 5302 Levi
1643 5246 1735 5303 divisit
1748 5249 1776 5304 in

116 5349 203 5418 (Dect.
230 5350 314 5414 xxxxi)
342 5345 404 5402 llaec
418 5353 460 5400 est
479 5345 525 5401 illa
544 5347 589 5402 lux
616 5363 666 5417 per
680 5362 761 5419 quam
781 5347 921 5419 Ephraim,
974 5337 1070 5404 iacob,
1086 5343 1113 5391 et
1129 5335 1260 5407 dispersit
1276 5337 1303 5391 in
1320 5337 1417 5392 lsrael:
1444 5337 1574 5409 quoniam
1591 5337 1628 5392 ibi
1646 5354 1695 5410 pes
1717 5340 1778 5409 eius

115 5436 163 5509 qui
190 5438 308 5505 [ruodo
330 5434 537 5506 iuterpretatur,
570 5434 683 5508 gentilis
709 5435 804 5507 populi
833 5451 921 5508 usque
972 5433 1005 5488 ed
1023 5432 1121 5504 pedem
1138 5431 1213 5487 illam
1233 5431 1420 5489 uouliabobat
1439 5430 1779 5505 significationemquam

117 5523 200 5580 hodie
222 5522 377 5580 fecunditas
410 5522 570 5590 illustratur,
604 5525 626 5578 si
656 5531 748 5579 umen
776 5524 803 5578 in
830 5524 922 5599 'uobis
973 5523 1126 5582 hicdivisio
1147 5524 1281 5580 habeted
1302 5524 1517 5595 dispersionem.
1537 5525 1598 5581 llaec
1617 5524 1781 5581 estillalux
