3720 6014
133 213 203 276 1159
638 202 834 262 watmuutus
853 203 1088 265 caortortuhsts
1108 203 1291 262 Episcopus,

134 339 190 396 lloc
220 351 286 395 uero
322 332 590 407 subtersignatorum
623 332 782 390 testimonio
811 332 979 407 ecumbe-A
1026 334 1053 390 S.
1075 334 1186 390 heineri
1200 335 1235 390 dc
1250 334 1349 390 Sancto
1363 332 1528 406 sepulchro.

132 431 199 488 ravi.
1029 425 1056 480 S.
1069 424 1174 482 Golridi
1194 426 1228 480 do
1243 425 1318 481 Nouo
1334 423 1460 481 Castello.

167 523 283 595 Signum
295 520 411 577 meimet
425 519 528 577 Odonis
543 519 677 592 episcopi.
1029 519 1057 574 S.
1075 517 1227 590 Frogdonis
1242 517 1340 573 decani
1352 517 1477 587 ejusdem
1494 515 1604 572 altaris.

167 612 194 668 S.
210 609 315 667 lladulh
329 611 452 681 ejusdem
473 609 566 666 altaris
580 609 778 666 archidiaconi.
1029 607 1056 664 S.
1075 606 1190 680 Segardi
1205 607 1240 662 dc
1255 605 1356 663 llelles.

168 702 195 758 S.
215 701 316 757 hnselli
333 701 536 757 archidiaconi.
1025 697 1053 752 S.
1072 696 1176 752 hiberti
1194 694 1302 752 decani.

169 794 198 849 S.
212 792 357 848 thedorici
366 792 566 850 archidiaconi.
1026 789 1055 844 S.
1067 789 1216 845 Alexandri
1231 789 1330 844 decani
1343 789 1379 844 de
1390 786 1447 844 llal.

169 882 196 938 S.
213 881 343 937 Ererardi
358 881 557 937 archidiaconi.
1031 878 1058 933 S.
1072 879 1203 934 Bernardi
1219 879 1255 934 de
1276 877 1398 944 waisch,
1415 884 1443 933 et
1453 877 1472 932 F
1475 875 1584 933 aicardi
1601 874 1704 932 fratris
1718 875 1772 930 sui.

170 972 198 1026 S.
212 971 349 1026 Erleholdi
366 971 516 1043 praepositi.
1029 967 1055 1023 S.
1074 965 1204 1022 cunrardi
1218 965 1317 1022 decani
1333 966 1367 1021 de
1382 965 1523 1022 Gandava.

169 1061 195 1117 S.
212 1060 324 1116 Elehodi
337 1060 447 1115 decani.
1028 1060 1074 1114 SS.
1088 1059 1222 1114 lleinardi
1238 1059 1383 1135 langradi,
1400 1058 1551 1116 Gemmari.

419 1151 504 1218 Sipha
518 1151 656 1206 abhatiam.

170 1243 530 1320 Sig.GilbertideEiham.
1027 1247 1122 1302 dctum
1144 1256 1187 1302 est
1213 1246 1266 1304 hoc
1300 1246 1437 1304 Camerad
1464 1248 1492 1302 ia
1522 1246 1655 1319 synodo,
1688 1261 1732 1299 ιιι.
1760 1244 1816 1299 idus

171 1341 197 1395 S.
213 1341 349 1397 snellardi
365 1341 398 1396 de
419 1339 606 1395 Geraldmout.
991 1338 1092 1410 Martii,
1107 1356 1180 1396 anno
1196 1340 1329 1396 incarnati
1343 1339 1423 1395 Verhi
1442 1339 1524 1407 ttta,
1553 1339 1739 1411 praesulatus
1759 1353 1816 1393 acm

171 1432 198 1486 S.
212 1430 338 1487 dmboldi
354 1431 389 1486 de
403 1430 542 1485 Gandauo.
992 1429 1046 1484 mei
1059 1447 1104 1485 nrt.

394 1657 842 1786 aprunum
879 1658 992 1785 uo
1037 1662 1115 1790 n.
1161 1661 1549 1790 euenum

762 1872 1176 2051 nam-nrm

186 2093 229 2154 Ex
251 2092 334 2154 libro
356 2090 532 2164 Godciridi,
555 2091 728 2156 Remeasis
749 2093 908 2169 magistri.
933 2091 986 2155 cui
1008 2091 1150 2155 titulus:
1173 2093 1336 2154 Somnium
1350 2093 1386 2154 de
1400 2092 1501 2156 θόοις
1517 2095 1761 2156 dorchacensi.

705 2171 822 2243 (hlatuuu
836 2217 844 2241 ,
860 2171 1006 2239 ansoldi.
1022 2174 1091 2244 App.
1109 2190 1136 2243 p.
1152 2172 1227 2244 651.)

1763 1535 1812 1546 ...-

134 2341 286 2397 dbdidcrat
298 2340 416 2396 celerem
433 2339 474 2396 sol
489 2354 594 2412 pronus
608 2340 636 2394 in
650 2355 761 2412 aequora
776 2355 885 2395 cursum
955 2340 981 2409 Β
1026 2337 1161 2410 Quodque
1176 2353 1376 2410 superuacuum
1390 2340 1453 2409 jure
1465 2346 1583 2397 uocetur
1593 2355 1706 2412 opus...

134 2524 226 2581 Astitit
241 2523 310 2590 Odo,
325 2538 403 2579 meos
419 2538 548 2595 magnum
564 2521 650 2579 decus
661 2521 734 2578 inter
749 2523 885 2579 amicos...
1028 2526 1156 2582 Pluribus
1171 2526 1267 2582 toedet
1281 2526 1341 2597 ejus
1355 2542 1457 2595 casus,
1488 2532 1545 2583 tum
1561 2531 1669 2583 narrat
1683 2525 1810 2599 curmoodo

136 2651 939 2671 ..................
991 2621 1058 2674 oiim
1072 2635 1164 2676 somno
1177 2622 1254 2676 visus
1267 2621 1364 2686 suerit.

993 2708 1119 2781 Denique
1131 2725 1174 2765 me
1191 2709 1299 2765 modico
1311 2709 1471 2782 speculatus
1486 2715 1628 2781 tempore,
1644 2711 1734 2767 sedit.

1030 2798 1062 2854 Et
1072 2799 1154 2854 tacita
1163 2800 1251 2875 tetigit
1262 2807 1374 2872 pectora
1388 2806 1481 2857 nostra
1500 2816 1599 2856 manu.

993 2888 1080 2960 Atque
1096 2888 1148 2944 ait:
1165 2887 1222 2945 0do
1238 2896 1301 2945 tuus
1313 2889 1384 2945 subii
1400 2897 1446 2945 tua
1462 2896 1544 2956 tecta,
1560 2896 1675 2961 tuoque

135 2982 220 3044 Quem
241 2995 329 3052 genus
344 2995 359 3032 a
373 2978 494 3050 proavis,
510 2987 537 3033 et
550 2977 623 3033 linea
637 2977 780 3051 sauguinis
793 2977 841 3032 alti
1029 2980 1174 3036 Proximus
1194 2981 1313 3050 assideo,
1336 2981 1372 3036 mi
1387 2981 1547 3048 Godclride,
1566 2982 1669 3051 thoro‚·

171 3070 265 3133 Ornat,
276 3068 310 3121 ab
326 3066 454 3140 ingenuis
469 3072 525 3121 10¹³
538 3066 672 3121 trahenda
687 3065 763 3121 titis·
993 3075 1046 3130 Sed
1062 3091 1113 3131 nec
1126 3081 1221 3129 rectus
1233 3090 1316 3147 equo,
1333 3091 1386 3130 nec
1400 3074 1492 3130 cerula
1513 3090 1565 3146 per
1579 3074 1654 3130 treta
1666 3075 1742 3141 uelo,

135 3158 255 3223 Quorum
277 3168 320 3208 ros
328 3159 431 3227 gestas,
448 3152 552 3220 titulos,
569 3169 677 3225 pacem,
694 3155 805 3210 horrida
821 3154 904 3219 bella,
1028 3164 1084 3220 Nec
1099 3163 1218 3237 pedibus
1229 3164 1303 3232 veni,
1318 3162 1480 3218 labilibusve
1496 3163 1577 3220 rotis¹

171 3247 310 3304 Flarcntis
324 3245 428 3319 Ligeris
444 3247 518 3301 unda
529 3247 612 3303 silere
623 3248 731 3320 nequit.
994 3254 1060 3309 dora
1075 3270 1267 3325 pervacuum,
1285 3267 1419 3324 suspenso
1433 3268 1550 3324 corpore
1564 3254 1683 3325 pennis.

135 3347 212 3402 dune
222 3360 305 3417 super
316 3342 463 3399 innumero
474 3341 616 3416 fregerunt
631 3343 741 3418 agmine
752 3350 851 3411 castra,
1028 3347 1048 3399 d
1062 3345 1173 3401 Genabo
1188 3344 1280 3400 Remis
1295 3361 1338 3400 me
1350 3343 1417 3398 leuis
1431 3358 1498 3398 aura
1512 3342 1613 3399 tulit...

170 3441 215 3496 Sic
228 3455 283 3510 qua
297 3437 375 3493 luere
389 3437 447 3492 suis
467 3453 532 3492 ausa
552 3453 653 3494 nocere
667 3438 744 3494 risis.

134 3531 212 3587 llunc
224 3545 309 3600 super
321 3526 436 3583 hostiles
451 3525 536 3582 armis
548 3534 816 3595 armamentorum,
1027 3527 1113 3582 Multo
1123 3526 1201 3581 ltobct
1213 3525 1245 3580 do
1257 3524 1390 3579 desiderio
1401 3539 1464 3578 corn
1473 3522 1601 3590 elderedi,
1612 3538 1672 3594 quo
1684 3526 1812 3579 octomela

169 3621 247 3676 lluuc
264 3633 349 3690 super
361 3617 511 3673 indomitos
529 3618 680 3674 edomuere
694 3619 777 3676 viros.
991 3621 1103 3674 uenerit.

134 3715 214 3772 Ortus
224 3713 259 3769 ab
272 3713 315 3767 his
329 3710 425 3776 atatis,
439 3719 467 3767 et
481 3711 516 3766 ab
530 3711 572 3767 his
582 3711 735 3782 majoribus
750 3710 817 3778 0do,
952 3713 978 3783 C
990 3712 1034 3769 Sic
1051 3727 1116 3788 ergo
1126 3728 1169 3767 mc
1179 3712 1269 3768 uentis
1282 3711 1400 3768 credens
1414 3718 1441 3767 te
1455 3718 1583 3785 proptor,
1600 3713 1711 3781 amice,

169 3811 320 3883 Contiguus
338 3807 482 3877 coelojure
502 3807 639 3864 ridendus
652 3815 720 3863 erat.
1027 3806 1086 3860 h'on
1099 3805 1178 3860 timui
1195 3804 1438 3876 dubiaspcndulus
1449 3805 1571 3862 iren-ias.

135 3904 190 3960 Sed
206 3903 270 3959 licet
285 3908 311 3957 et
324 3900 435 3976 generis
449 3909 539 3956 cesset
554 3901 724 3955 clarissimus
734 3900 802 3955 ordo
992 3893 1023 3949 Et
1036 3893 1101 3964 qnia
1117 3899 1208 3948 nostra
1225 3892 1274 3947 tihi
1289 3899 1352 3947 sunt
1365 3908 1474 3964 semper
1488 3893 1632 3964 opuscula
1648 3895 1744 3959 cordi,

168 3995 304 4049 'lautuset
318 3992 352 4045 ad
368 3991 477 4046 laudem
491 3991 530 4045 nil
540 3992 780 4063 operetnrhonor‚
1028 3983 1156 4038 Nccsuot
1169 3981 1283 4038 arbitrio
1297 3980 1468 4053 projicienda
1482 3989 1541 4037 tuo.

133 4082 240 4140 Sufficit
252 4080 356 4156 ingenii
372 4080 556 4151 liquidissima
574 4096 644 4136 vena
659 4080 797 4153 profundi,
993 4079 1138 4134 attulimus
1153 4078 1200 4150 qui
1214 4078 1287 4132 bella
1301 4077 1374 4132 canit
1384 4075 1500 4146 Trojano
1519 4075 1669 4149 libellum,

171 4174 202 4229 m
213 4173 287 4246 quod
307 4188 338 4227 se
348 4169 450 4226 inludit
465 4176 521 4225 tota
536 4169 657 4225 llinerua
670 4169 734 4224 sibi.
1026 4168 1112 4232 Quem
1127 4172 1155 4222 tu
1166 4182 1241 4238 saepe
1256 4166 1306 4221 tibi
1318 4182 1361 4221 me
1377 4166 1493 4223 recitare
1508 4164 1615 4225 facis...

134 4263 178 4320 Sic
192 4268 266 4319 certe
280 4260 399 4318 deducta
413 4259 481 4315 mihi
495 4276 545 4316 sua
559 4259 682 4315 carmina
696 4260 774 4327 liunt,
1181 4300 1187 4314 .
1232 4300 1239 4314 .
1333 4300 1339 4314 .
1387 4300 1392 4314 .
1443 4303 1448 4313 .
1490 4301 1495 4312 .
1537 4299 1546 4316 .
1600 4304 1606 4319 .
1653 4305 1661 4318 .
1705 4302 1713 4318 .
1758 4308 1764 4321 ,
1803 4305 1809 4318 .

171 4352 236 4408 Utsi
256 4351 320 4423 quis
341 4350 424 4407 docili
437 4348 702 4423 polliccfilatrahat,
1025 4355 1101 4419 Orat,
1131 4355 1161 4406 ut
1181 4354 1272 4408 recitet
1299 4368 1359 4423 quo
1387 4352 1506 4407 debello
1529 4355 1660 4427 Trojano
1691 4364 1810 4417 connino

133 4444 176 4500 Nil
185 4445 323 4517 illicquod
336 4444 535 4510 cordaoneret‚
548 4442 623 4514 quod
635 4448 786 4517 praegravet
796 4457 902 4507 aurem,
988 4442 1118 4496 ediderat.

170 2765 263 2819 Multis
278 2760 374 2816 iaudat
393 2759 451 2830 ejus
467 2759 550 2827 dotes,
566 2763 623 2815 tum
637 2759 671 2816 de
683 2760 742 2830 ejus
752 2762 883 2831 prosapia
904 2762 943 2816 sic

133 2850 320 2921 prosequitur:

134 4585 458 4595 —u-——m-——oae
801 4585 1010 4593 --——--—-

825 4678 904 4724 ΛΝΝΟ
925 4678 1030 4724 ΒΟΗΙΝΙ
1054 4677 1103 4724 HC.

543 4775 1379 4937 WALTERIUS

368 5064 1006 5196 CdBlLONENSIS
1045 5065 1563 5197 EPISCOPUS.

581 5328 881 5418 noranta
928 5328 1338 5422 nrsaoarcrt.

646 5451 744 5522 (Gallio
756 5455 912 5508 ctrrtstiooo
926 5468 1006 5521 noun,
1023 5460 1088 5508 tom.
1105 5452 1148 5522 tv,
1165 5470 1193 5525 p.
1210 5455 1285 5524 887.)

168 5601 314 5699 walterius
333 5622 382 5663 seu
397 5607 553 5664 Gualtcrius
571 5620 599 5666 et
617 5609 755 5668 Walterus
777 5620 838 5684 post
853 5616 937 5672 diuti-
950 5621 1074 5691 Decusu
1095 5616 1198 5674 electus
1220 5626 1261 5675 est
1281 5618 1472 5677 Cohilenensis
1485 5620 1644 5697 episcopus
1659 5643 1712 5688 an.
1734 5629 1809 5689 1080.

128 5702 197 5743 num
217 5694 475 5763 interpontificium,
493 5697 603 5754 tandem
619 5699 741 5756 omnium
758 5703 829 5760 rotis
843 5713 871 5764 ot
894 5723 938 5762 as-
990 5708 1137 5766 illectionis
1153 5711 1285 5779 chartam,
1312 5712 1377 5784 quia
1396 5719 1452 5769 tum
1469 5712 1507 5770 ob
1521 5715 1743 5795 antiquitatem,
1756 5732 1809 5779 tum
