3720 6014
72 114 141 170 tlte
622 112 734 169 ll0ldlb.
755 112 798 170 llll
817 110 947 169 vuemo
968 110 1177 177 tntuuttntts.
1668 117 1739 176 1150

102 240 146 296 33.
165 242 193 294 ln
219 242 269 295 bac
296 256 361 315 ergo
388 240 569 315 generatione
591 255 641 295 sua
661 239 810 295 existentes
825 238 912 311 liliiA
927 237 1034 295 instruo
1047 238 1084 298 iiu
1104 239 1201 295 cadem
1218 239 1427 296 exhortatione:
1443 242 1533 295 Facite
1545 240 1618 296 uobis
1638 246 1739 299 amicos

66 333 159 388 sarculi
181 334 263 404 liujus
284 333 477 404 prudentiores
501 331 565 388 filiis
586 333 744 402 fecissent,
773 348 835 387 nant
853 331 876 386 si
928 330 962 384 de
974 345 1128 384 mammone
1144 333 1302 401 iniquitatis
1331 333 1448 398 licceat,
1466 333 1739 405 mammonainiqui-

69 425 263 494 prudentiores
279 440 335 480 nou
349 434 424 488 sunt,
445 425 567 480 nondum
589 424 617 478 in
632 424 813 499 generatione
828 438 878 478 sua
929 423 991 479 tatis
1008 440 1023 478 a
1039 423 1118 479 robis
1143 434 1294 490 removete,
1315 434 1342 480 et
1364 426 1425 480 aliis
1444 426 1546 497 quibus
1561 427 1597 481 sit
1611 443 1740 483 neeessa-

68 524 140 572 sunt
160 518 343 590 demergam
358 517 538 589 generatione
560 532 609 571 sua
624 521 697 580 sunt,
718 515 877 588 prudentio·
928 512 998 566 rium
1017 521 1141 587 erogate,
1158 513 1256 585 sicque
1272 514 1335 570 illos
1350 515 1430 571 robis
1453 516 1568 582 amicos,
1592 516 1619 569 id
1634 526 1674 570 cst
1689 517 1738 572 ad-

68 623 112 660 rcs
132 614 210 670 sunt;
232 606 362 677 quoniam
385 606 440 660 illis
459 606 494 661 de
516 622 572 660 suae
590 614 653 660 vitae
669 605 806 660 munditia
818 605 874 673 jam
924 603 1033 671 futores
1053 613 1215 675 praeparate,
1233 614 1263 660 ut
1282 623 1344 660 cum
1361 605 1520 661 defeceritis
1537 608 1671 677 recipiant
1690 623 1740 663 ros

68 698 184 764 securis,
201 706 228 752 ct
244 698 305 752 ideo
326 697 506 752 mediocriter
520 697 679 772 agentibus,
695 696 740 752 isti
756 697 876 752 asordi-
928 691 955 745 in
976 702 1079 747 aeterna
1100 693 1292 760 tabernacula,
1313 694 1340 748 id
1361 702 1404 748 est
1427 711 1488 749 cum
1516 703 1606 749 restra
1630 695 1737 765 justitia

67 787 119 839 bus
133 802 200 858 quas
214 786 283 840 male
305 786 423 841 vivendo
449 792 560 856 epatre
581 787 684 842 mundo
706 795 878 854 contraxere,
931 798 985 838 non
1002 783 1085 839 fuerit
1100 784 1211 839 inventa
1237 785 1380 840 sufficiens
1410 785 1444 839 ad
1469 792 1586 840 vestram
1607 787 1737 844 saluatio-

67 892 97 929 sc
113 875 249 929 mundare
264 875 400 939 laborant,
418 882 445 928 et
459 875 530 930 bona
552 892 614 946 quae
644 875 822 946 perdiderant
837 890 880 930 re·
931 890 1005 941 nent,
1024 876 1051 928 in
1066 884 1232 931 aeternorum
1246 884 1338 931 tamen
1360 877 1599 932 tabernaculorum
1615 878 1682 949 ipsis
1692 880 1736 933 in—

68 982 205 1036 superare
220 966 311 1021 modis
325 966 455 1021 omuibus
477 967 578 1038 quibus
600 973 722 1038 possunt.
740 966 770 1021 Et
784 967 879 1038 utique
931 970 1136 1026 tercedentibus
1148 972 1320 1043 recipiamini
1337 972 1518 1028 mansionem.

70 1055 233 1125 prudentior
247 1064 298 1124 cst,
315 1054 360 1127 qui
375 1063 403 1109 et
417 1055 548 1110 damnum
565 1055 714 1110 imminens
729 1055 881 1126 prudenter
965 1066 1009 1120 37,
1026 1066 1079 1121 sed
1096 1082 1131 1121 ne
1147 1068 1247 1122 erretis
1262 1069 1289 1122 tn
1308 1069 1426 1141 00q110d
1448 1068 1516 1124 (11ch
1528 1069 1562 1123 (10
1580 1084 1737 1125 mmmm

68 1145 165 1210 sst'llab
180 1153 207 1199 el
228 1144 370 1215 praemium
390 1145 465 1216 (ιῦοό
488 1145 615 1216 pluribus
639 1144 810 1217 PtOpOSllum
825 1151 877 1211 esi,
930 1154 1084 1225 iniquitatis
1114 1157 1235 1226 putando
1251 1158 1396 1228 pecuniam
1418 1174 1468 1228 per
1488 1159 1565 1212 nefas
1591 1158 1737 1229 quodlibet

67 1239 164 1293 00t¹0m
181 1247 242 1294 ³0¹⁰
259 1238 368 1293 Γθιῑίῑθι
390 1239 515 1310 aequitii,
536 1239 595 1304 1¹10,
613 1240 660 1312 qui
684 1239 798 1310 praemio
814 1254 880 1294 con·
928 1245 1089 1317 acquisitam
1109 1246 1148 1302 sie
1161 1248 1308 1318 nominari,
1329 1248 1423 1303 sciatis
1439 1249 1472 1303 de
1488 1265 1519 1302 ea
1536 1266 1597 1320 quae
1615 1267 1664 1320 per
1680 1267 1733 1305 nc·

70 1328 213 1398 sequendo
226 1327 403 1402 singulariter
415 1328 546 1396 intentus,
560 1329 670 1384 landem
680 1328 878 1400 quoquomodo
928 1331 969 1387 fas
990 1334 1144 1405 acquiritur
1167 1335 1272 1391 amicos
1287 1337 1443 1407 hujusmodi
1457 1353 1511 1392 non
1527 1354 1607 1409 posse
1623 1354 1735 1410 compa·

70 1416 292 1486 comprehendit.
320 1415 477 1471 Prudentes
494 1415 617 1472 suntfrlii
637 1416 716 1482 lueis,
745 1416 876 1486 quoniam
927 1422 999 1477 rari:
1021 1423 1154 1494 scriptum
1185 1432 1226 1479 est
1254 1424 1328 1480 enirn
1351 1426 1468 1496 quiade
1491 1427 1586 1498 rapina
1611 1428 1736 1484 elecmo-

69 1508 234 1562 munditiam
249 1524 324 1562 suam
341 1509 540 1571 custodientes
555 1509 589 1563 ad
603 1507 686 1564 linem
697 1508 877 1563 beatitudinis
926 1530 1022 1584 synam
1040 1513 1129 1570 facere
1146 1516 1186 1570 sic
1201 1517 1257 1571 ltco
1272 1526 1380 1588 gratum
1396 1524 1447 1585 cst,
1475 1527 1504 1573 ut
1519 1519 1588 1589 patri
1604 1520 1627 1573 si
1644 1520 1736 1574 carni·

68 1598 203 1663 tendunt;
234 1607 326 1653 tamen
353 1597 514 1668 apluribus
537 1597 657 1653 carnalia
685 1595 810 1652 subsidia
828 1613 876 1652 ca·
926 1601 1005 1658 ficem
1026 1604 1119 1660 videat
1130 1620 1221 1660 coram
1237 1622 1266 1660 εε
1281 1606 1367 1661 lilium
1387 1607 1513 1682 jugulare
1528 1610 1619 1679 (dccli.
1643 1627 1732 1673 xxxta,

69 1689 189 1759 pientes,
205 1688 279 1743 bona
305 1704 354 1760 per
368 1704 429 1761 quae
444 1688 549 1744 debent
564 1688 638 1744 beati
659 1687 718 1743 fieri
734 1689 876 1758 pariuntur
924 1693 980 1760 24).
1005 1692 1059 1749 Sed
1080 1710 1238 1749 mammona
1267 1695 1420 1767 iniquitatis
1445 1699 1563 1768 pecunia
1588 1699 1670 1753 etiarn
1687 1715 1736 1769 per

66 1781 182 1852 etquasi
201 1781 333 1836 vendunt.
357 1781 555 1837 Prudentiorcs
571 1790 662 1836 autem
676 1790 740 1835 suut
762 1779 811 1835 filii
825 1796 875 1835 sae·
925 1780 965 1836 fas
985 1782 1120 1854 acquisita
1146 1783 1313 1851 nominatur,
1331 1785 1461 1854 quonian
1489 1785 1554 1840 dum
1578 1787 1603 1840 ci
1617 1802 1733 1860 cougre-

66 1873 121 1928 culi
143 1873 224 1942 lruJ'us
244 1873 271 1927 in
287 1873 468 1944 generatione
497 1873 640 1945 sua,quia
660 1880 873 1945 etsequantum
925 1869 1024 1943 gandae
1054 1870 1201 1936 insistitur,
1219 1872 1467 1927 necessariomens
1493 1874 1529 1928 ab
1553 1875 1735 1946 inspiratione

67 1972 183 2033 possunt
205 1961 367 2029 emundant,
394 1970 421 2016 et
440 1977 456 2015 a
482 1961 564 2017 bonis
587 1962 688 2033 quibus
716 1963 791 2017 beari
816 1977 875 2017 me·
927 1961 1074 2028 creatoris,
1091 1942 1170 2018 ct'ab
1186 1963 1246 2032 ejus
1261 1963 1384 2030 servitio,
1406 1965 1450 2019 cui
1474 1981 1585 2037 semper
1599 1967 1734 2022 inhaerere

70 2060 182 2105 reantur
197 2066 252 2106 non
265 2059 384 2119 cessant,
401 2066 452 2105 nec
476 2051 629 2123 quidquam
645 2050 679 2106 ab
693 2051 755 2106 aliis
776 2066 875 2122 capere
926 2050 1020 2117 debet,
1049 2061 1202 2108 revocatur.
1225 2052 1292 2116 Quis
1318 2060 1409 2106 antem
1440 2068 1523 2108 sanus
1543 2054 1657 2125 negabit
1681 2055 1736 2108 ini-

66 2151 205 2210 curantes,
230 2158 292 2213 quae
315 2142 460 2213 possident
483 2142 662 2213 pauperibus,
690 2150 718 2198 ει
733 2143 874 2212 omnibus,
925 2160 1009 2214 quum
1025 2160 1084 2199 esse
1097 2159 1147 2215 pro
1163 2143 1336 2216 quantolibet
1352 2146 1499 2200 commodo
1515 2163 1529 2198 a
1547 2145 1675 2201 Creatore
1690 2147 1734 2201 rel

62 2248 135 2304 quos
159 2231 230 2287 lucis
258 2229 330 2286 filios
355 2231 524 2287 arbitrantur
544 2230 665 2286 libenter
694 2232 872 2302 impendunt:
925 2233 959 2286 ad
976 2239 1147 2288 momentum
1159 2233 1401 2289 discederettdeo
1416 2250 1526 2306 aequum
1542 2241 1569 2289 et
1582 2233 1694 2288 salubre
1708 2242 1736 2290 et

62 2325 152 2390 unde,
166 2324 188 2377 si
204 2323 312 2378 beatius
339 2324 456 2378 estdare
480 2339 561 2394 quam
586 2323 724 2394 accipere,
751 2324 790 2377 illi
809 2341 874 2395 pru·
926 2333 1001 2380 certa
1021 2325 1154 2396 temporis
1173 2324 1328 2395 redemptio
1356 2330 1398 2380 est
1423 2341 1473 2396 pro
1489 2325 1624 2381 Creatoris
1638 2340 1734 2380 amore

66 2416 210 2470 dentiorcs
230 2422 295 2469 sunt
314 2414 435 2482 dicendi,
457 2415 521 2487 quia
540 2415 703 2485 prudentius
727 2414 875 2486 essequod
927 2413 991 2471 ftliis
1013 2416 1083 2472 lucis
1099 2418 1267 2489 pauperibus
1292 2434 1406 2490 erogare
1421 2418 1557 2490 quidquid
1581 2433 1631 2473 nos
1646 2419 1736 2489 potuit

63 2511 172 2565 beatius
186 2520 228 2565 est
245 2526 338 2585 agere,
354 2525 436 2565 nemo
451 2525 536 2564 sanus
548 2508 872 2565 cunctabiturconfttcri.
924 2504 968 2560 vel
987 2505 1021 2561 ad
1047 2507 1142 2562 horam
1158 2508 1201 2562 ab
1217 2508 1277 2575 cius
1303 2515 1415 2579 aspectu
1440 2515 1467 2563 et
1494 2507 1631 2562 desiderio
1653 2523 1733 2578 sepa·

63 2602 259 2657 Prudentiores
282 2601 409 2657 sunttilii
438 2601 517 2669 lucis,
538 2601 668 2673 quoniam
693 2601 809 2656 othone
829 2601 872 2655 ui·
925 2612 994 2651 rare.
1024 2597 1055 2651 Et
1076 2606 1151 2653 certe
1181 2598 1387 2666 ratiojustitiae,
1405 2599 1471 2654 licet
1494 2615 1544 2669 per
1567 2598 1732 2654 contrarium

60 2704 127 2751 runt
150 2706 177 2751 ct
192 2712 241 2768 pro
265 2697 328 2751 aliis
343 2695 502 2767 frequenter
530 2695 564 2750 ad
580 2695 726 2751 Dominum
740 2694 810 2751 frunt
834 2695 874 2750 in·
924 2689 1081 2759 expostulat
1096 2698 1126 2744 ut
1147 2705 1197 2761 pro
1208 2690 1256 2745 Ilei
1274 2689 1425 2745 dilectione
1441 2696 1635 2772 contemnatur
1650 2705 1732 2745 omne

62 2792 311 2857 tcrcessorcs3sed
326 2791 521 2863 prudentiores
539 2799 604 2846 sunt
616 2790 665 2845 filii
683 2791 774 2846 saeculi
789 2790 872 2859 liujus
924 2795 974 2850 pto
988 2796 1043 2853 (1110
1056 2781 1100 2836 vel
1126 2782 1160 2836 ad
1183 2784 1276 2837 lteram
1306 2783 1433 2854 posuisse
1463 2781 1540 2852 illurn
1561 2781 1733 2837 conscientia

65 2882 91 2935 in
108 2881 288 2952 generatione
302 2896 361 2943 sua,
376 2879 506 2951 quoniam
517 2888 611 2935 utnon
624 2878 787 2934 frustrentur
804 2880 871 2936 bea·
886 2907 910 2974 (-
923 2872 1075 2941 peccatoris
1091 2873 1258 2929 recordatur.

68 2971 186 3025 titudine
209 2986 289 3042 quam
328 2969 500 3036 desiderant,
522 2967 635 3023 multos
664 2967 767 3023 habere
795 2984 871 3039 quae-
906 2958 910 2970 '
957 2962 1001 3018 38.
1019 2964 1124 3020 ldciroo
1144 2963 1235 3020 bonus
1249 2965 1371 3020 Medicus
1394 2966 1485 3022 sciens
1507 2965 1673 3021 medicinam
1690 2969 1733 3022 in·

64 3070 127 3117 runt
153 3062 308 3131 adjutores;
338 3061 372 3115 ad
401 3076 495 3132 quam,
524 3068 554 3116 ut
579 3075 676 3116 secure
697 3060 787 3115 ualeat
810 3060 872 3132 quis
922 3053 1043 3112 firmitati
1069 3058 1234 3113 contrariam
1271 3057 1413 3114 efficacem
1447 3058 1609 3123 curationis,
1639 3059 1729 3114 dixit:

62 3152 218 3222 pertenire,
231 3152 316 3207 tutius
342 3158 385 3206 εει
405 3167 421 3204 a
445 3149 707 3221 pluribusadjuuari
728 3165 808 3221 quarn
827 3151 871 3219 ju·
921 3151 1010 3205 facite
1033 3152 1109 3207 uobis
1128 3156 1227 3208 amicos
1247 3153 1279 3207 de
1305 3169 1459 3208 mammona
1484 3156 1650 3223 iniquitatis.
1677 3154 1732 3210 Sed

57 3264 133 3303 vare.
919 3240 1013 3310 quos?
1033 3242 1133 3313 Utique
1149 3242 1219 3298 lucis
1235 3243 1308 3297 lilios
1330 3244 1462 3309 maxime;
1488 3244 1536 3299 sed
1553 3244 1617 3298 ideo
1643 3244 1732 3299 noluit

94 3336 138 3394 36.
164 3335 197 3391 Ut
216 3342 306 3391 autem
330 3332 379 3388 filii
410 3333 503 3388 saeculi
526 3334 609 3405 hujus
632 3334 660 3389 in
688 3336 869 3409 generatione
920 3334 1115 3401 determinare,
1144 3337 1208 3406 qnia
1234 3335 1292 3390 vult
1324 3351 1400 3402 suos,
1430 3337 1583 3393 secundum
1610 3336 1728 3406 apostoli

59 3445 110 3485 sua
126 3427 208 3498 positi
238 3428 290 3482 boc
314 3424 482 3496 adjutorium
504 3441 520 3480 a
543 3425 669 3496 pluribus
693 3427 803 3483 valeant
820 3427 869 3482 ha·
919 3424 1731 3493 Paulidoctrinam,ornnibustnarimedomesticisfrdeisua

60 3521 137 3585 berc,
158 3518 296 3590 quidquid
311 3517 482 3571 mundanum
497 3516 652 3587 possident,
673 3517 750 3587 nulla
769 3518 869 3573 sollici·
918 3514 992 3571 bona
1012 3514 1217 3571 communicare
1241 3517 1310 3584 (Gal.
1329 3534 1365 3583 vt,
1389 3516 1443 3586 10).
1465 3516 1556 3571 Potest
1575 3524 1666 3571 autem
1688 3516 1732 3570 in-

59 3611 156 3666 tudinc
172 3610 206 3664 de
233 3609 351 3665 crastino
372 3610 503 3677 reuocati,
523 3610 637 3665 student
652 3610 754 3682 quibus
770 3627 870 3666 neces·
920 3610 1008 3684 telligi
1023 3626 1073 3680 per
1086 3610 1190 3666 amicos
1210 3610 1255 3665 bic
1271 3611 1345 3681 ipsos
1367 3611 1470 3666 fruetus
1490 3610 1730 3682 eleemosynarum

59 3701 162 3755 sarium
179 3708 206 3755 et
221 3700 334 3774 dignum
352 3717 413 3756 esse
428 3701 545 3757 credunt
559 3717 685 3777 erogare.
709 3702 867 3759 Necsolurn
919 3701 1084 3778 significari;
1111 3702 1157 3774 qui
1179 3703 1275 3775 utiquc
1290 3704 1348 3759 suis
1378 3703 1527 3759 factoribus
1556 3710 1621 3758 tunc
1647 3702 1729 3759 inve·

57 3794 120 3848 aliis
135 3791 199 3848 filiis
210 3793 279 3849 lucis
295 3794 491 3865 prudentiores
512 3801 586 3862 sunt,
598 3794 646 3850 sed
662 3794 745 3850 etiarn
762 3795 869 3866 seipsos
919 3796 1031 3851 nientur
1050 3796 1142 3863 amici,
1164 3797 1230 3868 quia
1252 3811 1301 3868 pro
1318 3796 1386 3867 ipsis
1401 3795 1435 3850 ad
1451 3796 1535 3851 Deum
1552 3795 1681 3861 orabunt,
1696 3800 1727 3851 ut

58 3883 210 3940 lucificatos
225 3884 253 3938 iu
270 3885 451 3959 generatione
467 3901 527 3948 sua,
547 3883 582 3939 de
602 3885 647 3939 die
662 3885 691 3939 in
711 3885 784 3940 diem
808 3901 867 3940 rna-
919 3885 953 3940 ab
969 3886 1092 3940 externis
1114 3885 1305 3941 mansionibus
1320 3900 1373 3939 non
1391 3885 1510 3957 patiatur
1532 3900 1581 3940 eos
1595 3885 1728 3955 separari.

56 3977 99 4050 gis
115 3985 142 4032 et
161 3976 250 4050 magis
265 3977 291 4029 in
307 3977 408 4031 virtute
423 3976 574 4032 crescendo
595 3976 802 4032 transcendunt.
825 3977 868 4032 ld·
920 3975 976 4031 lloc
990 3974 1072 4030 nobis
1100 3975 1190 4030 innuit
1205 3975 1273 4030 illud
1297 3974 1416 4046 Spiritus
1431 3974 1518 4030 sancti
1545 3983 1728 4046 praeceptum:

59 4073 145 4137 circo,
160 4079 191 4126 ut
214 4071 248 4125 ad
265 4071 361 4126 lterum
382 4071 562 4126 excellentem
586 4071 760 4142 prudentiam
775 4071 870 4127 horta·
920 4068 986 4121 Dete
1004 4067 1207 4135 cleernosynem,
1226 4073 1253 4121 ct
1271 4066 1331 4137 ipsa
1348 4075 1408 4122 orat
1430 4082 1480 4138 pro
1495 4065 1574 4121 vobis
1588 4066 1621 4120 ad
1639 4066 1729 4121 bomi-

58 4171 134 4219 retur
150 4163 282 4218 [lominus
296 4178 372 4228 suos,
385 4178 439 4218 non
456 4169 603 4217 contentus
622 4162 750 4234 exemplo
765 4178 869 4235 propo·
919 4160 1074 4228 numidae.
1092 4175 1129 4225 xt,
1159 4159 1214 4228 ll).
1237 4158 1283 4213 lsti
1298 4158 1379 4213 amici
1407 4173 1471 4213 rere
1490 4157 1675 4213 snosamieos
1701 4157 1728 4211 in

54 4256 119 4320 silo,
134 4253 258 4308 subdidit
276 4269 325 4307 sua
343 4259 482 4324 praecepta
497 4253 609 4308 dicens:
626 4256 661 4309 nt
685 4269 732 4321 eoo
747 4254 866 4310 dicooo-
879 4251 908 4320 D
921 4252 1023 4301 aeterna
1051 4246 1228 4302 tabernacula
1252 4261 1314 4300 cum
1329 4245 1482 4300 defecerint
1502 4246 1649 4316 recipient,
1664 4245 1729 4316 quia
1768 4251 1773 4263 '

58 4349 117 4408 bis;
132 4349 222 4401 Facite
236 4346 310 4400 uobis
326 4347 427 4400 amicos
442 4346 475 4400 dc
485 4361 642 4400 mammona
656 4348 823 4417 iaiqttitotis,
843 4352 871 4402 el
920 4350 981 4390 cum
997 4335 1033 4391 ⁰¹>
1047 4335 1234 4406 Psaecfdenllfl
1250 4342 1363 4404 peccata
1389 4334 1452 4401 iure
1474 4333 1643 4388 dflmssallffltl
1658 4332 1726 4387 ⁸¹¹5·

56 4445 166 4493 cgqesg
195 4437 259 4490 qum
288 4437 361 4491 enim
386 4438 439 4492 1100
465 4438 605 4509 apposuit,
641 4443 668 4492 οι
693 4437 867 4508 prudentiam
919 4424 1082 4488 dendisint‚
1106 4440 1201 4480 eorum
1225 4431 1399 4480 excusatores
1417 4433 1444 4478 ει
1463 4438 1545 4478 causa
1566 4421 1726 4477 salvationis

56 4526 175 4580 tiliorum
197 4524 289 4580 saculi
316 4526 399 4592 hujus
414 4541 496 4596 quam
512 4525 615 4580 habent
642 4525 668 4579 in
687 4527 867 4597 generatione
918 4515 993 4572 ficut.
1012 4519 1041 4573 ln
1056 4524 1158 4573 aterna
1173 4517 1246 4571 enirn
1262 4516 1438 4572 tabernacula
1455 4515 1586 4572 dicuntur
1601 4514 1664 4570 illos
1677 4530 1724 4571 rc-

54 4628 165 4668 suanos
189 4611 288 4667 imitari
307 4612 398 4681 jussit,
419 4622 447 4667 et
462 4612 576 4668 formam
598 4613 658 4682 ejus
674 4629 709 4668 ne
729 4612 786 4668 felli
801 4629 867 4683 pos-
916 4609 1033 4681 ccpturi,
1050 4610 1114 4681 quia
1133 4625 1215 4664 cansa
1235 4619 1299 4664 sunt
1324 4625 1410 4681 quare
1436 4609 1544 4664 beatam
1565 4608 1620 4665 sint
1641 4609 1724 4664 vitam

56 4725 161 4772 semus,
182 4707 209 4761 in
222 4723 254 4761 oa
271 4706 414 4777 piissimus
426 4718 581 4779 praeceptor
591 4715 719 4779 patenter
734 4709 865 4765 ostendit.

56 4800 133 4865 Quod
145 4799 219 4854 enirn
235 4798 317 4852 dixit:
345 4801 380 4855 st
406 4815 453 4868 coo
470 4801 529 4854 dieo
557 4800 646 4856 uobis:
677 4802 767 4855 Facite
791 4801 865 4857 uobis

56 4892 156 4944 arnicos
182 4889 212 4941 de
239 4903 393 4943 mammona
412 4891 579 4959 iniquitatis,
608 4896 635 4945 et
660 4894 769 4952 cetera,
797 4889 865 4961 quid

57 4980 131 5035 aliud
157 4979 276 5047 ridetur,
292 4978 315 5032 si
331 4978 537 5034 rationabiliter
556 4979 714 5045 discutitur,
744 4982 825 5051 quain
843 4981 867 5036 si

58 5072 197 5143 posuisset
235 5071 292 5126 hacc
318 5070 403 5125 verba
431 5071 581 5128 lectoribus
608 5072 786 5147 cognitiora?
814 5073 869 5130 lloc

58 5163 200 5234 exemplar
219 5162 294 5235 quod
310 5161 344 5217 de
369 5161 461 5220 villico
478 5171 506 5218 et
521 5164 556 5219 de
582 5163 731 5235 prudentia
750 5163 868 5222 liliorum

58 5253 151 5307 saeculi
176 5251 259 5322 hujus
282 5252 426 5322 proposui,
449 5253 484 5308 ad
512 5253 564 5308 ltoc
591 5252 671 5308 robis
697 5254 869 5324 propositum

59 5350 111 5411 est,
126 5350 155 5397 ut
169 5340 304 5397 studeatis
323 5341 441 5411 imitari;
464 5351 491 5399 et
503 5351 533 5399 ut
557 5358 613 5399 non
635 5343 695 5398 sitis
708 5343 830 5412 desides,
843 5352 870 5401 ει

61 5433 138 5490 omni
160 5432 279 5489 careatis
303 5435 494 5504 excusatione,
523 5437 582 5491 dico
608 5437 694 5502 roob,
722 5435 750 5489 id
772 5445 813 5491 est
835 5436 869 5492 ad

59 5525 224 5582 imitandum
254 5539 303 5581 vos
324 5525 420 5583 hortor
443 5543 506 5583 mea
532 5527 729 5600 preceptione,
755 5527 870 5599 etquid

917 4700 1084 4770 possessuri,
1111 4715 1173 4769 quae
1197 4714 1245 4770 per
1266 4699 1444 4754 tabernacula
1462 4698 1526 4753 ideo
1550 4698 1723 4773 designatur,

916 4790 982 4862 quia
996 4796 1024 4845 ει
1047 4790 1147 4845 multas
1165 4789 1247 4845 babet
1275 4789 1445 4857 mansiones,
1469 4797 1496 4844 et
1515 4789 1641 4863 quisquis
1664 4806 1724 4847 eam

919 4878 1081 4953 ingreditur,
1098 4879 1173 4934 vetut
1185 4878 1287 4934 milites
1301 4880 1328 4935 in
1342 4878 1527 4935 tabernaculis
1542 4881 1661 4938 elabora
1674 4881 1726 4936 mi·

920 4972 985 5028 litiae
1000 4972 1119 5040 diurnae,
1143 4971 1177 5026 ab
1197 4972 1273 5028 omni
1299 4971 1393 5029 labore
1416 4973 1575 5045 temporalis
1588 4975 1651 5030 xitae
1666 4975 1726 5030 sine

920 5061 974 5117 fine
992 5061 1178 5137 refrigeratur.
1196 5061 1282 5127 Quam
1294 5077 1344 5117 nos
1358 5061 1525 5132 introducat,
1540 5069 1569 5118 et
1582 5079 1597 5118 a
1610 5063 1727 5118 misera·

920 5151 969 5206 bili
985 5151 1080 5208 labore
1094 5151 1177 5223 hujus
1193 5150 1244 5207 viae
1259 5151 1403 5227 refrigeret
1415 5152 1462 5224 qui
1476 5151 1538 5208 haec
1551 5167 1613 5224 quae
1628 5160 1729 5209 utcun-

920 5258 975 5315 que
994 5241 1171 5298 tractavimus
1186 5240 1293 5309 docuit,
1311 5248 1339 5296 ει
1352 5241 1387 5296 ad
1403 5241 1566 5298 imitandum
1585 5242 1731 5314 proposuit

919 5329 1001 5385 lesus
1016 5328 1139 5385 Christus
1153 5329 1287 5385 Dominus
1313 5338 1417 5398 noster,
1442 5330 1486 5386 cui
1505 5345 1561 5387 non
1582 5330 1671 5387 solum
1685 5338 1729 5387 est

919 5421 1019 5496 gloria,
1044 5418 1094 5476 sed
1118 5418 1213 5475 etsibi
1233 5420 1457 5493 obtemperantes
1478 5423 1731 5493 incomparabiliter

920 5515 1019 5572 merita
1043 5515 1266 5572 transcendendo
1286 5515 1422 5591 glorificat
1449 5517 1478 5574 in
1493 5518 1595 5575 saecula
1616 5522 1729 5578 saeculo

60 5613 188 5672 faciendo
212 5613 385 5687 prudentiam
411 5616 509 5673 horum
529 5616 662 5689 consequi
689 5615 801 5687 possitis
821 5630 871 5673 vos
921 5623 991 5666 rum.
1008 5607 1104 5665 Amen·
