<?xml version="1.0" encoding="UTF-8"?>
<!DOCTYPE html PUBLIC "-//W3C//DTD XHTML 1.0 Transitional//EN"
    "http://www.w3.org/TR/xhtml1/DTD/xhtml1-transitional.dtd">
<html xmlns="http://www.w3.org/1999/xhtml" xml:lang="en" lang="en">
 <head>
  <title>
</title>
<meta http-equiv="Content-Type" content="text/html;charset=utf-8" />
  <meta name='ocr-system' content='tesseract 3.04.00' />
  <meta name='ocr-capabilities' content='ocr_page ocr_carea ocr_par ocr_line ocrx_word'/>
</head>
<body>
  <div class='ocr_page' id='page_1' title='image "./patrologiaecurs69unkngoog/patrologiaecurs69unkngoog_0554.png"; bbox 0 0 3720 6014; ppageno 0'>
   <div class='ocr_carea' id='block_1_1' title="bbox 57 119 126 176">
    <p class='ocr_par' dir='ltr' id='par_1_1' title="bbox 57 119 126 176">
     <span class='ocr_line' id='line_1_1' title="bbox 57 119 126 176; baseline 0.029 -3"><span class='ocrx_word' id='word_1_1' title='bbox 57 119 126 176; x_wconf 72' lang='lat' dir='ltr'>tosa</span> 
     </span>
    </p>
   </div>
   <div class='ocr_carea' id='block_1_2' title="bbox 613 110 1178 174">
    <p class='ocr_par' dir='ltr' id='par_1_2' title="bbox 613 110 1178 174">
     <span class='ocr_line' id='line_1_2' title="bbox 613 110 1178 174; baseline -0.007 -1"><span class='ocrx_word' id='word_1_2' title='bbox 613 119 654 173; x_wconf 85' lang='lat' dir='ltr'>llE</span> <span class='ocrx_word' id='word_1_3' title='bbox 674 115 816 174; x_wconf 75' lang='lat' dir='ltr'>PECCdlo</span> <span class='ocrx_word' id='word_1_4' title='bbox 837 111 1019 171; x_wconf 80' lang='lat' dir='ltr'>oulctdatt.</span> <span class='ocrx_word' id='word_1_5' title='bbox 1042 110 1106 169; x_wconf 76' lang='grc' dir='ltr'>ΗΒ.</span> <span class='ocrx_word' id='word_1_6' title='bbox 1128 110 1178 169; x_wconf 86' lang='lat' dir='ltr'>tlt.</span> 
     </span>
    </p>
   </div>
   <div class='ocr_carea' id='block_1_3' title="bbox 1648 110 1720 167">
    <p class='ocr_par' dir='ltr' id='par_1_3' title="bbox 1648 110 1720 167">
     <span class='ocr_line' id='line_1_3' title="bbox 1648 110 1720 167; baseline 0.042 -3"><span class='ocrx_word' id='word_1_7' title='bbox 1648 110 1720 167; x_wconf 80' lang='lat' dir='ltr'>tosa</span> 
     </span>
    </p>
   </div>
   <div class='ocr_carea' id='block_1_4' title="bbox 57 248 1718 334">
    <p class='ocr_par' dir='ltr' id='par_1_4' title="bbox 57 248 1718 334">
     <span class='ocr_line' id='line_1_4' title="bbox 57 248 1718 334; baseline -0.008 -17"><span class='ocrx_word' id='word_1_8' title='bbox 57 278 109 318; x_wconf 91' lang='lat' dir='ltr'>nec</span> <span class='ocrx_word' id='word_1_9' title='bbox 128 270 215 319; x_wconf 93' lang='lat' dir='ltr'>totum</span> <span class='ocrx_word' id='word_1_10' title='bbox 228 263 329 320; x_wconf 89' lang='lat' dir='ltr'>dicitur</span> <span class='ocrx_word' id='word_1_11' title='bbox 354 270 385 320; x_wconf 90' lang='lat' dir='ltr'>ut</span> <span class='ocrx_word' id='word_1_12' title='bbox 399 263 533 334; x_wconf 89' lang='lat' dir='ltr'>suscipiat</span> <span class='ocrx_word' id='word_1_13' title='bbox 551 263 786 333; x_wconf 74' lang='lat' dir='ltr'>predicationem,</span> <span class='ocrx_word' id='word_1_14' title='bbox 812 263 901 328; x_wconf 72' lang='lat' dir='ltr'>nccA</span> <span class='ocrx_word' id='word_1_15' title='bbox 916 253 1029 326; x_wconf 91' lang='lat' dir='ltr'>quidem</span> <span class='ocrx_word' id='word_1_16' title='bbox 1053 251 1167 324; x_wconf 75' lang='lat' dir='ltr'>cogitari</span> <span class='ocrx_word' id='word_1_17' title='bbox 1183 256 1286 321; x_wconf 88' lang='lat' dir='ltr'>potest,</span> <span class='ocrx_word' id='word_1_18' title='bbox 1306 248 1356 304; x_wconf 90' lang='lat' dir='ltr'>sed</span> <span class='ocrx_word' id='word_1_19' title='bbox 1376 264 1437 304; x_wconf 90' lang='lat' dir='ltr'>esse</span> <span class='ocrx_word' id='word_1_20' title='bbox 1466 249 1526 304; x_wconf 89' lang='lat' dir='ltr'>sine</span> <span class='ocrx_word' id='word_1_21' title='bbox 1553 248 1641 323; x_wconf 83' lang='lat' dir='ltr'>ligura</span> <span class='ocrx_word' id='word_1_22' title='bbox 1663 265 1718 306; x_wconf 91' lang='lat' dir='ltr'>non</span> 
     </span>
    </p>
   </div>
   <div class='ocr_carea' id='block_1_5' title="bbox 56 353 867 1600">
    <p class='ocr_par' dir='ltr' id='par_1_5' title="bbox 56 353 867 1600">
     <span class='ocr_line' id='line_1_5' title="bbox 57 353 865 426; baseline 0 -20"><span class='ocrx_word' id='word_1_23' title='bbox 57 353 230 410; x_wconf 89' lang='lat' dir='ltr'>individuum</span> <span class='ocrx_word' id='word_1_24' title='bbox 242 362 272 409; x_wconf 92' lang='lat' dir='ltr'>ut</span> <span class='ocrx_word' id='word_1_25' title='bbox 287 355 405 426; x_wconf 87' lang='lat' dir='ltr'>occipiat</span> <span class='ocrx_word' id='word_1_26' title='bbox 418 354 659 426; x_wconf 75' lang='lat' dir='ltr'>compositionem.</span> <span class='ocrx_word' id='word_1_27' title='bbox 682 355 767 408; x_wconf 83' lang='lat' dir='ltr'><strong>Omne</strong></span> <span class='ocrx_word' id='word_1_28' title='bbox 781 353 865 425; x_wconf 77' lang='lat' dir='ltr'>igitur</span> 
     </span>
     <span class='ocr_line' id='line_1_6' title="bbox 59 442 865 518; baseline 0.002 -21"><span class='ocrx_word' id='word_1_29' title='bbox 59 442 177 512; x_wconf 86' lang='lat' dir='ltr'>alicujus</span> <span class='ocrx_word' id='word_1_30' title='bbox 200 444 293 518; x_wconf 75' lang='lat' dir='ltr'>figurae</span> <span class='ocrx_word' id='word_1_31' title='bbox 317 460 401 515; x_wconf 80' lang='lat' dir='ltr'>capax</span> <span class='ocrx_word' id='word_1_32' title='bbox 427 443 564 515; x_wconf 81' lang='lat' dir='ltr'>integrum</span> <span class='ocrx_word' id='word_1_33' title='bbox 598 451 684 499; x_wconf 88' lang='lat' dir='ltr'>totum</span> <span class='ocrx_word' id='word_1_34' title='bbox 708 443 791 498; x_wconf 88' lang='lat' dir='ltr'>babet</span> <span class='ocrx_word' id='word_1_35' title='bbox 810 443 865 499; x_wconf 90' lang='lat' dir='ltr'>duo</span> 
     </span>
     <span class='ocr_line' id='line_1_7' title="bbox 59 531 866 604; baseline 0.001 -17"><span class='ocrx_word' id='word_1_36' title='bbox 59 533 207 604; x_wconf 89' lang='lat' dir='ltr'>principia,</span> <span class='ocrx_word' id='word_1_37' title='bbox 221 534 285 589; x_wconf 90' lang='lat' dir='ltr'>huic</span> <span class='ocrx_word' id='word_1_38' title='bbox 312 531 451 601; x_wconf 86' lang='lat' dir='ltr'>infimum,</span> <span class='ocrx_word' id='word_1_39' title='bbox 467 532 505 587; x_wconf 92' lang='lat' dir='ltr'>illi</span> <span class='ocrx_word' id='word_1_40' title='bbox 520 549 668 587; x_wconf 90' lang='lat' dir='ltr'>summum.</span> <span class='ocrx_word' id='word_1_41' title='bbox 692 533 804 588; x_wconf 92' lang='lat' dir='ltr'>Summo</span> <span class='ocrx_word' id='word_1_42' title='bbox 824 539 866 588; x_wconf 89' lang='lat' dir='ltr'>est</span> 
     </span>
     <span class='ocr_line' id='line_1_8' title="bbox 59 623 865 697; baseline 0.005 -18"><span class='ocrx_word' id='word_1_43' title='bbox 59 624 196 693; x_wconf 87' lang='lat' dir='ltr'>infimum,</span> <span class='ocrx_word' id='word_1_44' title='bbox 227 626 292 697; x_wconf 92' lang='lat' dir='ltr'>quia</span> <span class='ocrx_word' id='word_1_45' title='bbox 317 632 359 681; x_wconf 89' lang='lat' dir='ltr'>est</span> <span class='ocrx_word' id='word_1_46' title='bbox 382 626 443 695; x_wconf 88' lang='lat' dir='ltr'>ejus</span> <span class='ocrx_word' id='word_1_47' title='bbox 479 627 668 693; x_wconf 82' lang='lat' dir='ltr'>individuum;</span> <span class='ocrx_word' id='word_1_48' title='bbox 700 623 795 682; x_wconf 81' lang='lat' dir='ltr'>infimo</span> <span class='ocrx_word' id='word_1_49' title='bbox 822 632 865 683; x_wconf 89' lang='lat' dir='ltr'>est</span> 
     </span>
     <span class='ocr_line' id='line_1_9' title="bbox 58 715 864 786; baseline 0.002 -18"><span class='ocrx_word' id='word_1_50' title='bbox 58 730 207 781; x_wconf 90' lang='lat' dir='ltr'>summum,</span> <span class='ocrx_word' id='word_1_51' title='bbox 237 715 300 786; x_wconf 91' lang='lat' dir='ltr'>qula</span> <span class='ocrx_word' id='word_1_52' title='bbox 324 715 385 783; x_wconf 76' lang='lat' dir='ltr'>eJus</span> <span class='ocrx_word' id='word_1_53' title='bbox 417 722 459 771; x_wconf 88' lang='lat' dir='ltr'>est</span> <span class='ocrx_word' id='word_1_54' title='bbox 483 722 579 771; x_wconf 91' lang='lat' dir='ltr'>totum.</span> <span class='ocrx_word' id='word_1_55' title='bbox 608 716 779 772; x_wconf 89' lang='lat' dir='ltr'>Summoest</span> <span class='ocrx_word' id='word_1_56' title='bbox 801 715 864 771; x_wconf 91' lang='lat' dir='ltr'>iuli-</span> 
     </span>
     <span class='ocr_line' id='line_1_10' title="bbox 60 804 866 875; baseline 0.004 -17"><span class='ocrx_word' id='word_1_57' title='bbox 60 820 144 868; x_wconf 90' lang='lat' dir='ltr'>mum,</span> <span class='ocrx_word' id='word_1_58' title='bbox 165 804 231 875; x_wconf 88' lang='lat' dir='ltr'>quia</span> <span class='ocrx_word' id='word_1_59' title='bbox 255 819 310 860; x_wconf 94' lang='lat' dir='ltr'>nou</span> <span class='ocrx_word' id='word_1_60' title='bbox 341 805 441 860; x_wconf 90' lang='lat' dir='ltr'>dicitur</span> <span class='ocrx_word' id='word_1_61' title='bbox 466 805 500 858; x_wconf 91' lang='lat' dir='ltr'>de</span> <span class='ocrx_word' id='word_1_62' title='bbox 531 805 671 873; x_wconf 86' lang='lat' dir='ltr'>subjecto;</span> <span class='ocrx_word' id='word_1_63' title='bbox 703 805 799 861; x_wconf 87' lang='lat' dir='ltr'>infimo</span> <span class='ocrx_word' id='word_1_64' title='bbox 824 813 866 861; x_wconf 88' lang='lat' dir='ltr'>est</span> 
     </span>
     <span class='ocr_line' id='line_1_11' title="bbox 59 896 867 968; baseline 0.002 -17"><span class='ocrx_word' id='word_1_65' title='bbox 59 913 207 964; x_wconf 89' lang='lat' dir='ltr'>summum,</span> <span class='ocrx_word' id='word_1_66' title='bbox 220 896 284 968; x_wconf 91' lang='lat' dir='ltr'>quia</span> <span class='ocrx_word' id='word_1_67' title='bbox 304 897 478 952; x_wconf 76' lang='lat' dir='ltr'>constituitur</span> <span class='ocrx_word' id='word_1_68' title='bbox 490 897 524 952; x_wconf 91' lang='lat' dir='ltr'>ad</span> <span class='ocrx_word' id='word_1_69' title='bbox 541 898 665 953; x_wconf 89' lang='lat' dir='ltr'>ultimum</span> <span class='ocrx_word' id='word_1_70' title='bbox 682 898 716 953; x_wconf 92' lang='lat' dir='ltr'>de</span> <span class='ocrx_word' id='word_1_71' title='bbox 729 898 775 955; x_wconf 87' lang='lat' dir='ltr'>illo</span> <span class='ocrx_word' id='word_1_72' title='bbox 802 897 867 954; x_wconf 90' lang='lat' dir='ltr'>luli-</span> 
     </span>
     <span class='ocr_line' id='line_1_12' title="bbox 60 985 866 1057; baseline 0.006 -18"><span class='ocrx_word' id='word_1_73' title='bbox 60 1002 134 1040; x_wconf 94' lang='lat' dir='ltr'>mum</span> <span class='ocrx_word' id='word_1_74' title='bbox 148 994 199 1052; x_wconf 90' lang='lat' dir='ltr'>est,</span> <span class='ocrx_word' id='word_1_75' title='bbox 210 985 274 1056; x_wconf 89' lang='lat' dir='ltr'>qnia</span> <span class='ocrx_word' id='word_1_76' title='bbox 291 986 331 1041; x_wconf 89' lang='lat' dir='ltr'>sie</span> <span class='ocrx_word' id='word_1_77' title='bbox 351 986 527 1042; x_wconf 83' lang='lat' dir='ltr'>descendite</span> <span class='ocrx_word' id='word_1_78' title='bbox 547 987 769 1057; x_wconf 76' lang='lat' dir='ltr'>praedicamentis</span> <span class='ocrx_word' id='word_1_79' title='bbox 788 997 817 1043; x_wconf 93' lang='lat' dir='ltr'>ut</span> <span class='ocrx_word' id='word_1_80' title='bbox 831 988 866 1044; x_wconf 88' lang='lat' dir='ltr'>de</span> 
     </span>
     <span class='ocr_line' id='line_1_13' title="bbox 59 1075 865 1148; baseline 0.004 -19"><span class='ocrx_word' id='word_1_81' title='bbox 59 1075 135 1131; x_wconf 92' lang='lat' dir='ltr'>nullo</span> <span class='ocrx_word' id='word_1_82' title='bbox 149 1075 276 1140; x_wconf 87' lang='lat' dir='ltr'>dicatur;</span> <span class='ocrx_word' id='word_1_83' title='bbox 292 1091 431 1130; x_wconf 91' lang='lat' dir='ltr'>summum</span> <span class='ocrx_word' id='word_1_84' title='bbox 445 1082 495 1141; x_wconf 90' lang='lat' dir='ltr'>est,</span> <span class='ocrx_word' id='word_1_85' title='bbox 510 1077 574 1147; x_wconf 89' lang='lat' dir='ltr'>quia</span> <span class='ocrx_word' id='word_1_86' title='bbox 589 1076 764 1132; x_wconf 87' lang='lat' dir='ltr'>sicascendit</span> <span class='ocrx_word' id='word_1_87' title='bbox 774 1095 789 1132; x_wconf 89' lang='lat' dir='ltr'>a</span> <span class='ocrx_word' id='word_1_88' title='bbox 800 1094 865 1148; x_wconf 88' lang='lat' dir='ltr'>par·</span> 
     </span>
     <span class='ocr_line' id='line_1_14' title="bbox 57 1167 866 1243; baseline 0.002 -23"><span class='ocrx_word' id='word_1_89' title='bbox 57 1167 141 1235; x_wconf 91' lang='lat' dir='ltr'>tibus,</span> <span class='ocrx_word' id='word_1_90' title='bbox 156 1175 185 1222; x_wconf 92' lang='lat' dir='ltr'>ut</span> <span class='ocrx_word' id='word_1_91' title='bbox 202 1167 319 1222; x_wconf 90' lang='lat' dir='ltr'>ulterius</span> <span class='ocrx_word' id='word_1_92' title='bbox 333 1183 388 1222; x_wconf 93' lang='lat' dir='ltr'>non</span> <span class='ocrx_word' id='word_1_93' title='bbox 405 1167 608 1243; x_wconf 78' lang='lat' dir='ltr'>progrediatur.</span> <span class='ocrx_word' id='word_1_94' title='bbox 627 1167 776 1240; x_wconf 87' lang='lat' dir='ltr'>Utriusque</span> <span class='ocrx_word' id='word_1_95' title='bbox 789 1169 866 1240; x_wconf 89' lang='lat' dir='ltr'>prin·</span> 
     </span>
     <span class='ocr_line' id='line_1_15' title="bbox 56 1257 865 1333; baseline 0.002 -20"><span class='ocrx_word' id='word_1_96' title='bbox 56 1259 122 1329; x_wconf 84' lang='lat' dir='ltr'>cipli</span> <span class='ocrx_word' id='word_1_97' title='bbox 138 1259 260 1314; x_wconf 91' lang='lat' dir='ltr'>medium</span> <span class='ocrx_word' id='word_1_98' title='bbox 274 1274 304 1314; x_wconf 90' lang='lat' dir='ltr'>se</span> <span class='ocrx_word' id='word_1_99' title='bbox 316 1257 398 1314; x_wconf 86' lang='lat' dir='ltr'>ftuem</span> <span class='ocrx_word' id='word_1_100' title='bbox 415 1260 537 1327; x_wconf 87' lang='lat' dir='ltr'>exbibet,</span> <span class='ocrx_word' id='word_1_101' title='bbox 547 1270 576 1316; x_wconf 91' lang='lat' dir='ltr'>ut</span> <span class='ocrx_word' id='word_1_102' title='bbox 591 1261 735 1333; x_wconf 90' lang='lat' dir='ltr'>utriusque</span> <span class='ocrx_word' id='word_1_103' title='bbox 744 1260 865 1316; x_wconf 81' lang='lat' dir='ltr'>officium</span> 
     </span>
     <span class='ocr_line' id='line_1_16' title="bbox 58 1351 866 1423; baseline 0.004 -19"><span class='ocrx_word' id='word_1_104' title='bbox 58 1352 123 1406; x_wconf 91' lang='lat' dir='ltr'>inse</span> <span class='ocrx_word' id='word_1_105' title='bbox 135 1352 327 1407; x_wconf 84' lang='lat' dir='ltr'>conterminet.</span> <span class='ocrx_word' id='word_1_106' title='bbox 345 1351 411 1406; x_wconf 84' lang='lat' dir='ltr'>llam</span> <span class='ocrx_word' id='word_1_107' title='bbox 427 1352 491 1408; x_wconf 89' lang='lat' dir='ltr'>linis</span> <span class='ocrx_word' id='word_1_108' title='bbox 506 1352 710 1423; x_wconf 80' lang='lat' dir='ltr'>predicationis</span> <span class='ocrx_word' id='word_1_109' title='bbox 722 1352 776 1409; x_wconf 86' lang='lat' dir='ltr'>lita</span> <span class='ocrx_word' id='word_1_110' title='bbox 791 1370 866 1408; x_wconf 92' lang='lat' dir='ltr'>sum-</span> 
     </span>
     <span class='ocr_line' id='line_1_17' title="bbox 58 1439 866 1512; baseline 0.006 -21"><span class='ocrx_word' id='word_1_111' title='bbox 58 1456 102 1495; x_wconf 93' lang='lat' dir='ltr'>mo</span> <span class='ocrx_word' id='word_1_112' title='bbox 116 1440 264 1512; x_wconf 82' lang='lat' dir='ltr'>principio,</span> <span class='ocrx_word' id='word_1_113' title='bbox 277 1448 304 1495; x_wconf 91' lang='lat' dir='ltr'>et</span> <span class='ocrx_word' id='word_1_114' title='bbox 321 1439 384 1494; x_wconf 80' lang='lat' dir='ltr'>finis</span> <span class='ocrx_word' id='word_1_115' title='bbox 400 1441 610 1510; x_wconf 85' lang='lat' dir='ltr'>compositionis</span> <span class='ocrx_word' id='word_1_116' title='bbox 625 1442 659 1496; x_wconf 89' lang='lat' dir='ltr'>ab</span> <span class='ocrx_word' id='word_1_117' title='bbox 670 1442 735 1497; x_wconf 93' lang='lat' dir='ltr'>imo.</span> <span class='ocrx_word' id='word_1_118' title='bbox 752 1442 781 1496; x_wconf 84' lang='lat' dir='ltr'>Et</span> <span class='ocrx_word' id='word_1_119' title='bbox 797 1441 866 1496; x_wconf 88' lang='lat' dir='ltr'>linos</span> 
     </span>
     <span class='ocr_line' id='line_1_18' title="bbox 57 1529 867 1600; baseline 0.005 -17"><span class='ocrx_word' id='word_1_120' title='bbox 57 1537 243 1585; x_wconf 82' lang='lat' dir='ltr'>extremorum</span> <span class='ocrx_word' id='word_1_121' title='bbox 264 1529 291 1583; x_wconf 92' lang='lat' dir='ltr'>iu</span> <span class='ocrx_word' id='word_1_122' title='bbox 318 1529 380 1600; x_wconf 85' lang='lat' dir='ltr'>ipso</span> <span class='ocrx_word' id='word_1_123' title='bbox 401 1529 481 1585; x_wconf 90' lang='lat' dir='ltr'>simul</span> <span class='ocrx_word' id='word_1_124' title='bbox 500 1531 679 1597; x_wconf 77' lang='lat' dir='ltr'>conventum,</span> <span class='ocrx_word' id='word_1_125' title='bbox 696 1540 725 1587; x_wconf 88' lang='lat' dir='ltr'>ut</span> <span class='ocrx_word' id='word_1_126' title='bbox 744 1530 867 1587; x_wconf 86' lang='lat' dir='ltr'>inveniat</span> 
     </span>
    </p>
   </div>
   <div class='ocr_carea' id='block_1_6' title="bbox 58 1619 902 1701">
    <p class='ocr_par' dir='ltr' id='par_1_6' title="bbox 58 1619 902 1701">
     <span class='ocr_line' id='line_1_19' title="bbox 58 1619 902 1701; baseline 0.005 -27"><span class='ocrx_word' id='word_1_127' title='bbox 58 1620 141 1675; x_wconf 89' lang='lat' dir='ltr'>tinem</span> <span class='ocrx_word' id='word_1_128' title='bbox 153 1620 199 1676; x_wconf 90' lang='lat' dir='ltr'>bic</span> <span class='ocrx_word' id='word_1_129' title='bbox 214 1626 241 1675; x_wconf 93' lang='lat' dir='ltr'>et</span> <span class='ocrx_word' id='word_1_130' title='bbox 256 1619 303 1674; x_wconf 92' lang='lat' dir='ltr'>ille</span> <span class='ocrx_word' id='word_1_131' title='bbox 318 1636 445 1676; x_wconf 91' lang='lat' dir='ltr'>recursus</span> <span class='ocrx_word' id='word_1_132' title='bbox 457 1621 571 1678; x_wconf 91' lang='lat' dir='ltr'>ibidem.</span> <span class='ocrx_word' id='word_1_133' title='bbox 586 1623 618 1677; x_wconf 91' lang='lat' dir='ltr'>Ut</span> <span class='ocrx_word' id='word_1_134' title='bbox 628 1624 902 1701; x_wconf 74' lang='lat' dir='ltr'>aliquisconteua-[3</span> 
     </span>
    </p>
   </div>
   <div class='ocr_carea' id='block_1_7' title="bbox 55 1712 862 2053">
    <p class='ocr_par' dir='ltr' id='par_1_7' title="bbox 55 1712 862 2053">
     <span class='ocr_line' id='line_1_20' title="bbox 56 1712 861 1788; baseline 0.005 -22"><span class='ocrx_word' id='word_1_135' title='bbox 56 1713 114 1767; x_wconf 91' lang='lat' dir='ltr'>rius</span> <span class='ocrx_word' id='word_1_136' title='bbox 130 1712 214 1768; x_wconf 88' lang='lat' dir='ltr'>babet</span> <span class='ocrx_word' id='word_1_137' title='bbox 225 1720 358 1780; x_wconf 88' lang='lat' dir='ltr'>extrema,</span> <span class='ocrx_word' id='word_1_138' title='bbox 371 1713 435 1768; x_wconf 90' lang='lat' dir='ltr'>hinc</span> <span class='ocrx_word' id='word_1_139' title='bbox 449 1715 594 1782; x_wconf 89' lang='lat' dir='ltr'>unitatem,</span> <span class='ocrx_word' id='word_1_140' title='bbox 611 1725 638 1771; x_wconf 87' lang='lat' dir='ltr'>et</span> <span class='ocrx_word' id='word_1_141' title='bbox 647 1716 711 1771; x_wconf 89' lang='lat' dir='ltr'>inde</span> <span class='ocrx_word' id='word_1_142' title='bbox 723 1716 861 1788; x_wconf 90' lang='lat' dir='ltr'>quantita·</span> 
     </span>
     <span class='ocr_line' id='line_1_21' title="bbox 55 1803 862 1876; baseline 0.004 -19"><span class='ocrx_word' id='word_1_143' title='bbox 55 1811 123 1870; x_wconf 89' lang='lat' dir='ltr'>tem,</span> <span class='ocrx_word' id='word_1_144' title='bbox 140 1803 312 1858; x_wconf 83' lang='lat' dir='ltr'>individuum</span> <span class='ocrx_word' id='word_1_145' title='bbox 328 1804 506 1875; x_wconf 89' lang='lat' dir='ltr'>aquantitate</span> <span class='ocrx_word' id='word_1_146' title='bbox 521 1805 672 1860; x_wconf 88' lang='lat' dir='ltr'>secundum</span> <span class='ocrx_word' id='word_1_147' title='bbox 689 1804 862 1876; x_wconf 84' lang='lat' dir='ltr'>praedicatio-</span> 
     </span>
     <span class='ocr_line' id='line_1_22' title="bbox 56 1892 860 1962; baseline 0.002 -15"><span class='ocrx_word' id='word_1_148' title='bbox 56 1909 118 1947; x_wconf 86' lang='lat' dir='ltr'>nem</span> <span class='ocrx_word' id='word_1_149' title='bbox 135 1892 272 1959; x_wconf 90' lang='lat' dir='ltr'>intimum,</span> <span class='ocrx_word' id='word_1_150' title='bbox 293 1900 379 1950; x_wconf 90' lang='lat' dir='ltr'>totum</span> <span class='ocrx_word' id='word_1_151' title='bbox 409 1894 444 1949; x_wconf 90' lang='lat' dir='ltr'>ab</span> <span class='ocrx_word' id='word_1_152' title='bbox 462 1894 579 1962; x_wconf 89' lang='lat' dir='ltr'>unitate,</span> <span class='ocrx_word' id='word_1_153' title='bbox 607 1896 760 1953; x_wconf 90' lang='lat' dir='ltr'>secundum</span> <span class='ocrx_word' id='word_1_154' title='bbox 783 1911 860 1951; x_wconf 91' lang='lat' dir='ltr'>suam</span> 
     </span>
     <span class='ocr_line' id='line_1_23' title="bbox 55 1982 447 2053; baseline 0.003 -16"><span class='ocrx_word' id='word_1_155' title='bbox 55 1982 283 2053; x_wconf 86' lang='lat' dir='ltr'>compositionem</span> <span class='ocrx_word' id='word_1_156' title='bbox 299 1998 447 2038; x_wconf 91' lang='lat' dir='ltr'>summum.</span> 
     </span>
    </p>
   </div>
   <div class='ocr_carea' id='block_1_8' title="bbox 54 2120 865 2752">
    <p class='ocr_par' dir='ltr' id='par_1_8' title="bbox 216 2120 698 2191">
     <span class='ocr_line' id='line_1_24' title="bbox 216 2120 698 2191; baseline 0.004 -18"><span class='ocrx_word' id='word_1_157' title='bbox 216 2120 254 2173; x_wconf 84' lang='lat' dir='ltr'>De</span> <span class='ocrx_word' id='word_1_158' title='bbox 264 2121 377 2175; x_wconf 84' lang='lat' dir='ltr'>summis</span> <span class='ocrx_word' id='word_1_159' title='bbox 392 2125 418 2174; x_wconf 86' lang='lat' dir='ltr'>et</span> <span class='ocrx_word' id='word_1_160' title='bbox 433 2120 534 2184; x_wconf 76' lang='lat' dir='ltr'>infimis</span> <span class='ocrx_word' id='word_1_161' title='bbox 547 2122 698 2191; x_wconf 77' lang='lat' dir='ltr'>principiis.</span> 
     </span>
    </p>

    <p class='ocr_par' dir='ltr' id='par_1_9' title="bbox 54 2231 865 2645">
     <span class='ocr_line' id='line_1_25' title="bbox 91 2231 864 2304; baseline 0.006 -18"><span class='ocrx_word' id='word_1_162' title='bbox 91 2232 122 2288; x_wconf 85' lang='lat' dir='ltr'>El</span> <span class='ocrx_word' id='word_1_163' title='bbox 139 2238 265 2288; x_wconf 85' lang='lat' dir='ltr'>extrema</span> <span class='ocrx_word' id='word_1_164' title='bbox 284 2231 408 2304; x_wconf 89' lang='lat' dir='ltr'>quidem,</span> <span class='ocrx_word' id='word_1_165' title='bbox 435 2248 449 2287; x_wconf 90' lang='lat' dir='ltr'>a</span> <span class='ocrx_word' id='word_1_166' title='bbox 473 2233 609 2304; x_wconf 88' lang='lat' dir='ltr'>superiori</span> <span class='ocrx_word' id='word_1_167' title='bbox 629 2241 693 2288; x_wconf 91' lang='lat' dir='ltr'>sunt</span> <span class='ocrx_word' id='word_1_168' title='bbox 713 2233 864 2291; x_wconf 90' lang='lat' dir='ltr'>individuis</span> 
     </span>
     <span class='ocr_line' id='line_1_26' title="bbox 56 2321 864 2392; baseline 0.007 -17"><span class='ocrx_word' id='word_1_169' title='bbox 56 2321 192 2392; x_wconf 91' lang='lat' dir='ltr'>principia</span> <span class='ocrx_word' id='word_1_170' title='bbox 208 2321 394 2392; x_wconf 77' lang='lat' dir='ltr'>predicanda,</span> <span class='ocrx_word' id='word_1_171' title='bbox 424 2322 458 2377; x_wconf 91' lang='lat' dir='ltr'>ab</span> <span class='ocrx_word' id='word_1_172' title='bbox 480 2322 603 2378; x_wconf 89' lang='lat' dir='ltr'>inferiori</span> <span class='ocrx_word' id='word_1_173' title='bbox 621 2339 685 2379; x_wconf 86' lang='lat' dir='ltr'>vero</span> <span class='ocrx_word' id='word_1_174' title='bbox 705 2324 769 2379; x_wconf 90' lang='lat' dir='ltr'>totis</span> <span class='ocrx_word' id='word_1_175' title='bbox 798 2333 864 2382; x_wconf 86' lang='lat' dir='ltr'>suut</span> 
     </span>
     <span class='ocr_line' id='line_1_27' title="bbox 55 2410 863 2483; baseline 0.005 -19"><span class='ocrx_word' id='word_1_176' title='bbox 55 2410 191 2481; x_wconf 90' lang='lat' dir='ltr'>principia</span> <span class='ocrx_word' id='word_1_177' title='bbox 206 2411 408 2481; x_wconf 89' lang='lat' dir='ltr'>componenda.</span> <span class='ocrx_word' id='word_1_178' title='bbox 428 2411 567 2482; x_wconf 89' lang='lat' dir='ltr'>Principio</span> <span class='ocrx_word' id='word_1_179' title='bbox 583 2413 863 2483; x_wconf 68' lang='lat' dir='ltr'>praedicamentorum</span> 
     </span>
     <span class='ocr_line' id='line_1_28' title="bbox 54 2497 865 2573; baseline 0.005 -20"><span class='ocrx_word' id='word_1_180' title='bbox 54 2497 117 2554; x_wconf 82' lang='lat' dir='ltr'>finis</span> <span class='ocrx_word' id='word_1_181' title='bbox 142 2509 184 2556; x_wconf 90' lang='lat' dir='ltr'>est</span> <span class='ocrx_word' id='word_1_182' title='bbox 210 2499 395 2566; x_wconf 85' lang='lat' dir='ltr'>individuum,</span> <span class='ocrx_word' id='word_1_183' title='bbox 432 2500 570 2573; x_wconf 89' lang='lat' dir='ltr'>principio</span> <span class='ocrx_word' id='word_1_184' title='bbox 597 2501 714 2572; x_wconf 91' lang='lat' dir='ltr'>partium</span> <span class='ocrx_word' id='word_1_185' title='bbox 739 2500 804 2557; x_wconf 92' lang='lat' dir='ltr'>linis</span> <span class='ocrx_word' id='word_1_186' title='bbox 823 2508 865 2557; x_wconf 89' lang='lat' dir='ltr'>est</span> 
     </span>
     <span class='ocr_line' id='line_1_29' title="bbox 54 2595 141 2645; baseline 0.011 -3"><span class='ocrx_word' id='word_1_187' title='bbox 54 2595 141 2645; x_wconf 85' lang='lat' dir='ltr'>lotum</span> 
     </span>
    </p>

    <p class='ocr_par' dir='ltr' id='par_1_10' title="bbox 89 2680 858 2752">
     <span class='ocr_line' id='line_1_30' title="bbox 89 2680 858 2752; baseline 0.005 -18"><span class='ocrx_word' id='word_1_188' title='bbox 89 2680 228 2752; x_wconf 90' lang='lat' dir='ltr'>Principia</span> <span class='ocrx_word' id='word_1_189' title='bbox 256 2681 356 2752; x_wconf 90' lang='lat' dir='ltr'>prima,</span> <span class='ocrx_word' id='word_1_190' title='bbox 386 2697 497 2737; x_wconf 87' lang='lat' dir='ltr'>suarum</span> <span class='ocrx_word' id='word_1_191' title='bbox 527 2697 616 2737; x_wconf 88' lang='lat' dir='ltr'>rerum</span> <span class='ocrx_word' id='word_1_192' title='bbox 651 2681 858 2738; x_wconf 83' lang='lat' dir='ltr'>universitatem</span> 
     </span>
    </p>
   </div>
   <div class='ocr_carea' id='block_1_9' title="bbox 52 2773 860 2942">
    <p class='ocr_par' dir='ltr' id='par_1_11' title="bbox 52 2773 860 2942">
     <span class='ocr_line' id='line_1_31' title="bbox 52 2773 857 2846; baseline 0.005 -19"><span class='ocrx_word' id='word_1_193' title='bbox 52 2773 222 2829; x_wconf 89' lang='lat' dir='ltr'>concludunt</span> <span class='ocrx_word' id='word_1_194' title='bbox 234 2774 364 2846; x_wconf 89' lang='lat' dir='ltr'>utrinque</span> <span class='ocrx_word' id='word_1_195' title='bbox 379 2789 429 2828; x_wconf 90' lang='lat' dir='ltr'>sua</span> <span class='ocrx_word' id='word_1_196' title='bbox 439 2773 623 2841; x_wconf 86' lang='lat' dir='ltr'>extremitate,</span> <span class='ocrx_word' id='word_1_197' title='bbox 639 2782 667 2829; x_wconf 90' lang='lat' dir='ltr'>et</span> <span class='ocrx_word' id='word_1_198' title='bbox 679 2775 857 2846; x_wconf 86' lang='lat' dir='ltr'>quianullum</span> 
     </span>
     <span class='ocr_line' id='line_1_32' title="bbox 53 2865 860 2942; baseline 0.006 -23"><span class='ocrx_word' id='word_1_199' title='bbox 53 2881 110 2920; x_wconf 91' lang='lat' dir='ltr'>rem</span> <span class='ocrx_word' id='word_1_200' title='bbox 124 2873 199 2921; x_wconf 82' lang='lat' dir='ltr'>extra</span> <span class='ocrx_word' id='word_1_201' title='bbox 212 2865 381 2938; x_wconf 89' lang='lat' dir='ltr'>relinquunt,</span> <span class='ocrx_word' id='word_1_202' title='bbox 394 2866 609 2942; x_wconf 79' lang='lat' dir='ltr'>propagationes</span> <span class='ocrx_word' id='word_1_203' title='bbox 622 2883 711 2922; x_wconf 90' lang='lat' dir='ltr'>rerum</span> <span class='ocrx_word' id='word_1_204' title='bbox 728 2868 860 2924; x_wconf 85' lang='lat' dir='ltr'>adversus</span> 
     </span>
    </p>
   </div>
   <div class='ocr_carea' id='block_1_10' title="bbox 916 338 1721 413">
    <p class='ocr_par' dir='ltr' id='par_1_12' title="bbox 916 338 1721 413">
     <span class='ocr_line' id='line_1_33' title="bbox 916 338 1721 413; baseline -0.005 -15"><span class='ocrx_word' id='word_1_205' title='bbox 916 349 1016 413; x_wconf 88' lang='lat' dir='ltr'>potest.</span> <span class='ocrx_word' id='word_1_206' title='bbox 1039 340 1113 396; x_wconf 91' lang='lat' dir='ltr'>Tolle</span> <span class='ocrx_word' id='word_1_207' title='bbox 1142 339 1255 410; x_wconf 76' lang='lat' dir='ltr'>figuram</span> <span class='ocrx_word' id='word_1_208' title='bbox 1283 353 1345 409; x_wconf 83' lang='lat' dir='ltr'>qum</span> <span class='ocrx_word' id='word_1_209' title='bbox 1366 338 1448 393; x_wconf 91' lang='lat' dir='ltr'>modo</span> <span class='ocrx_word' id='word_1_210' title='bbox 1477 338 1621 406; x_wconf 91' lang='lat' dir='ltr'>formabat,</span> <span class='ocrx_word' id='word_1_211' title='bbox 1649 339 1721 410; x_wconf 89' lang='lat' dir='ltr'>perit</span> 
     </span>
    </p>
   </div>
   <div class='ocr_carea' id='block_1_11' title="bbox 914 432 1724 1339">
    <p class='ocr_par' dir='ltr' id='par_1_13' title="bbox 914 432 1724 1339">
     <span class='ocr_line' id='line_1_34' title="bbox 915 432 1721 508; baseline -0.005 -17"><span class='ocrx_word' id='word_1_212' title='bbox 915 436 1023 508; x_wconf 89' lang='lat' dir='ltr'>species</span> <span class='ocrx_word' id='word_1_213' title='bbox 1043 451 1105 508; x_wconf 78' lang='lat' dir='ltr'>qum</span> <span class='ocrx_word' id='word_1_214' title='bbox 1124 432 1335 506; x_wconf 77' lang='lat' dir='ltr'>praedicabatur.</span> <span class='ocrx_word' id='word_1_215' title='bbox 1363 433 1429 487; x_wconf 92' lang='lat' dir='ltr'>Nam</span> <span class='ocrx_word' id='word_1_216' title='bbox 1460 432 1572 488; x_wconf 85' lang='lat' dir='ltr'>trumani</span> <span class='ocrx_word' id='word_1_217' title='bbox 1596 434 1721 504; x_wconf 91' lang='lat' dir='ltr'>corporis</span> 
     </span>
     <span class='ocr_line' id='line_1_35' title="bbox 916 524 1721 602; baseline -0.002 -19"><span class='ocrx_word' id='word_1_218' title='bbox 916 528 1002 602; x_wconf 80' lang='lat' dir='ltr'>ligura</span> <span class='ocrx_word' id='word_1_219' title='bbox 1017 529 1040 583; x_wconf 93' lang='lat' dir='ltr'>si</span> <span class='ocrx_word' id='word_1_220' title='bbox 1058 526 1138 598; x_wconf 89' lang='lat' dir='ltr'>perit,</span> <span class='ocrx_word' id='word_1_221' title='bbox 1156 526 1215 598; x_wconf 91' lang='lat' dir='ltr'>ipsa</span> <span class='ocrx_word' id='word_1_222' title='bbox 1230 525 1339 596; x_wconf 88' lang='lat' dir='ltr'>specics</span> <span class='ocrx_word' id='word_1_223' title='bbox 1354 525 1382 578; x_wconf 92' lang='lat' dir='ltr'>iu</span> <span class='ocrx_word' id='word_1_224' title='bbox 1396 541 1429 581; x_wconf 91' lang='lat' dir='ltr'>eo</span> <span class='ocrx_word' id='word_1_225' title='bbox 1450 541 1566 597; x_wconf 86' lang='lat' dir='ltr'>corpore</span> <span class='ocrx_word' id='word_1_226' title='bbox 1580 524 1681 594; x_wconf 79' lang='lat' dir='ltr'>deficit,</span> <span class='ocrx_word' id='word_1_227' title='bbox 1694 531 1721 581; x_wconf 91' lang='lat' dir='ltr'>ct</span> 
     </span>
     <span class='ocr_line' id='line_1_36' title="bbox 915 617 1720 691; baseline -0.005 -16"><span class='ocrx_word' id='word_1_228' title='bbox 915 620 1068 676; x_wconf 89' lang='lat' dir='ltr'>secundum</span> <span class='ocrx_word' id='word_1_229' title='bbox 1084 618 1164 674; x_wconf 89' lang='lat' dir='ltr'>aliam</span> <span class='ocrx_word' id='word_1_230' title='bbox 1181 617 1296 691; x_wconf 75' lang='lat' dir='ltr'>figuram</span> <span class='ocrx_word' id='word_1_231' title='bbox 1308 632 1389 688; x_wconf 87' lang='lat' dir='ltr'>quam</span> <span class='ocrx_word' id='word_1_232' title='bbox 1406 617 1513 689; x_wconf 86' lang='lat' dir='ltr'>recipit,</span> <span class='ocrx_word' id='word_1_233' title='bbox 1530 618 1609 672; x_wconf 87' lang='lat' dir='ltr'>aliam</span> <span class='ocrx_word' id='word_1_234' title='bbox 1622 633 1720 673; x_wconf 90' lang='lat' dir='ltr'>secun·</span> 
     </span>
     <span class='ocr_line' id='line_1_37' title="bbox 915 707 1721 780; baseline -0.004 -14"><span class='ocrx_word' id='word_1_235' title='bbox 915 711 980 766; x_wconf 93' lang='lat' dir='ltr'>dum</span> <span class='ocrx_word' id='word_1_236' title='bbox 999 726 1100 780; x_wconf 89' lang='lat' dir='ltr'>corpus</span> <span class='ocrx_word' id='word_1_237' title='bbox 1130 709 1218 778; x_wconf 92' lang='lat' dir='ltr'>ipsum</span> <span class='ocrx_word' id='word_1_238' title='bbox 1239 708 1367 763; x_wconf 85' lang='lat' dir='ltr'>assumit.</span> <span class='ocrx_word' id='word_1_239' title='bbox 1393 708 1458 762; x_wconf 88' lang='lat' dir='ltr'>Nam</span> <span class='ocrx_word' id='word_1_240' title='bbox 1475 707 1540 779; x_wconf 90' lang='lat' dir='ltr'>quia</span> <span class='ocrx_word' id='word_1_241' title='bbox 1560 709 1663 763; x_wconf 90' lang='lat' dir='ltr'>cineris</span> <span class='ocrx_word' id='word_1_242' title='bbox 1678 709 1721 764; x_wconf 84' lang='lat' dir='ltr'>vel</span> 
     </span>
     <span class='ocr_line' id='line_1_38' title="bbox 914 799 1721 873; baseline -0.001 -17"><span class='ocrx_word' id='word_1_243' title='bbox 914 802 1017 858; x_wconf 85' lang='lat' dir='ltr'>vermis</span> <span class='ocrx_word' id='word_1_244' title='bbox 1037 799 1273 873; x_wconf 86' lang='lat' dir='ltr'>accipitftguram‚</span> <span class='ocrx_word' id='word_1_245' title='bbox 1289 805 1376 855; x_wconf 89' lang='lat' dir='ltr'>mutat</span> <span class='ocrx_word' id='word_1_246' title='bbox 1390 808 1417 855; x_wconf 90' lang='lat' dir='ltr'>et</span> <span class='ocrx_word' id='word_1_247' title='bbox 1431 799 1553 870; x_wconf 87' lang='lat' dir='ltr'>speciem</span> <span class='ocrx_word' id='word_1_248' title='bbox 1564 800 1638 855; x_wconf 87' lang='lat' dir='ltr'>cirea</span> <span class='ocrx_word' id='word_1_249' title='bbox 1648 816 1721 855; x_wconf 90' lang='lat' dir='ltr'>mas-</span> 
     </span>
     <span class='ocr_line' id='line_1_39' title="bbox 915 894 1723 965; baseline -0.002 -13"><span class='ocrx_word' id='word_1_250' title='bbox 915 913 972 953; x_wconf 90' lang='lat' dir='ltr'>sam</span> <span class='ocrx_word' id='word_1_251' title='bbox 995 897 1131 952; x_wconf 86' lang='lat' dir='ltr'>eamdem.</span> <span class='ocrx_word' id='word_1_252' title='bbox 1156 896 1188 949; x_wconf 81' lang='lat' dir='ltr'>ut</span> <span class='ocrx_word' id='word_1_253' title='bbox 1221 896 1256 950; x_wconf 92' lang='lat' dir='ltr'>de</span> <span class='ocrx_word' id='word_1_254' title='bbox 1284 911 1338 965; x_wconf 89' lang='lat' dir='ltr'>qua</span> <span class='ocrx_word' id='word_1_255' title='bbox 1361 911 1450 949; x_wconf 88' lang='lat' dir='ltr'>massa</span> <span class='ocrx_word' id='word_1_256' title='bbox 1477 894 1552 964; x_wconf 92' lang='lat' dir='ltr'>prius</span> <span class='ocrx_word' id='word_1_257' title='bbox 1579 894 1723 950; x_wconf 86' lang='lat' dir='ltr'>dicebatur</span> 
     </span>
     <span class='ocr_line' id='line_1_40' title="bbox 917 984 1724 1061; baseline 0.001 -19"><span class='ocrx_word' id='word_1_258' title='bbox 917 989 999 1044; x_wconf 88' lang='lat' dir='ltr'>bomo</span> <span class='ocrx_word' id='word_1_259' title='bbox 1014 987 1165 1043; x_wconf 90' lang='lat' dir='ltr'>secuudum</span> <span class='ocrx_word' id='word_1_260' title='bbox 1182 986 1302 1058; x_wconf 90' lang='lat' dir='ltr'>priorem</span> <span class='ocrx_word' id='word_1_261' title='bbox 1325 984 1451 1061; x_wconf 83' lang='lat' dir='ltr'>figuram,</span> <span class='ocrx_word' id='word_1_262' title='bbox 1463 986 1498 1042; x_wconf 92' lang='lat' dir='ltr'>de</span> <span class='ocrx_word' id='word_1_263' title='bbox 1511 987 1608 1042; x_wconf 88' lang='lat' dir='ltr'>eadem</span> <span class='ocrx_word' id='word_1_264' title='bbox 1623 988 1724 1044; x_wconf 90' lang='lat' dir='ltr'>dicitur</span> 
     </span>
     <span class='ocr_line' id='line_1_41' title="bbox 916 1077 1722 1134; baseline 0.001 -2"><span class='ocrx_word' id='word_1_265' title='bbox 916 1077 1018 1134; x_wconf 88' lang='lat' dir='ltr'>vermis</span> <span class='ocrx_word' id='word_1_266' title='bbox 1028 1086 1055 1133; x_wconf 91' lang='lat' dir='ltr'>et</span> <span class='ocrx_word' id='word_1_267' title='bbox 1070 1077 1141 1132; x_wconf 89' lang='lat' dir='ltr'>einis</span> <span class='ocrx_word' id='word_1_268' title='bbox 1160 1077 1313 1133; x_wconf 89' lang='lat' dir='ltr'>secuudum</span> <span class='ocrx_word' id='word_1_269' title='bbox 1329 1077 1420 1133; x_wconf 91' lang='lat' dir='ltr'>aliam.</span> <span class='ocrx_word' id='word_1_270' title='bbox 1441 1078 1573 1134; x_wconf 88' lang='lat' dir='ltr'>Similiter</span> <span class='ocrx_word' id='word_1_271' title='bbox 1592 1085 1619 1134; x_wconf 93' lang='lat' dir='ltr'>et</span> <span class='ocrx_word' id='word_1_272' title='bbox 1637 1085 1722 1134; x_wconf 92' lang='lat' dir='ltr'>totum</span> 
     </span>
     <span class='ocr_line' id='line_1_42' title="bbox 917 1167 1722 1242; baseline 0 -16"><span class='ocrx_word' id='word_1_273' title='bbox 917 1171 1058 1226; x_wconf 88' lang='lat' dir='ltr'>materiale</span> <span class='ocrx_word' id='word_1_274' title='bbox 1074 1170 1133 1225; x_wconf 92' lang='lat' dir='ltr'>siue</span> <span class='ocrx_word' id='word_1_275' title='bbox 1156 1184 1253 1223; x_wconf 82' lang='lat' dir='ltr'>massae</span> <span class='ocrx_word' id='word_1_276' title='bbox 1271 1184 1328 1223; x_wconf 88' lang='lat' dir='ltr'>suae</span> <span class='ocrx_word' id='word_1_277' title='bbox 1348 1167 1435 1242; x_wconf 81' lang='lat' dir='ltr'>figura</span> <span class='ocrx_word' id='word_1_278' title='bbox 1464 1186 1519 1225; x_wconf 91' lang='lat' dir='ltr'>non</span> <span class='ocrx_word' id='word_1_279' title='bbox 1541 1177 1631 1242; x_wconf 90' lang='lat' dir='ltr'>potest</span> <span class='ocrx_word' id='word_1_280' title='bbox 1651 1187 1722 1226; x_wconf 87' lang='lat' dir='ltr'>esse.</span> 
     </span>
     <span class='ocr_line' id='line_1_43' title="bbox 916 1261 1723 1339; baseline 0.001 -22"><span class='ocrx_word' id='word_1_281' title='bbox 916 1262 1134 1335; x_wconf 88' lang='lat' dir='ltr'>Namquomodo</span> <span class='ocrx_word' id='word_1_282' title='bbox 1153 1268 1246 1332; x_wconf 89' lang='lat' dir='ltr'>partes</span> <span class='ocrx_word' id='word_1_283' title='bbox 1271 1261 1331 1329; x_wconf 89' lang='lat' dir='ltr'>ejus</span> <span class='ocrx_word' id='word_1_284' title='bbox 1360 1261 1578 1318; x_wconf 77' lang='lat' dir='ltr'>discernuntur?</span> <span class='ocrx_word' id='word_1_285' title='bbox 1598 1263 1723 1339; x_wconf 86' lang='lat' dir='ltr'>Omnium</span> 
     </span>
    </p>
   </div>
   <div class='ocr_carea' id='block_1_12' title="bbox 916 1351 1726 1606">
    <p class='ocr_par' dir='ltr' id='par_1_14' title="bbox 916 1351 1726 1606">
     <span class='ocr_line' id='line_1_44' title="bbox 916 1351 1726 1426; baseline 0.004 -18"><span class='ocrx_word' id='word_1_286' title='bbox 916 1353 1000 1426; x_wconf 80' lang='lat' dir='ltr'>igitur</span> <span class='ocrx_word' id='word_1_287' title='bbox 1025 1369 1171 1425; x_wconf 90' lang='lat' dir='ltr'>corporum</span> <span class='ocrx_word' id='word_1_288' title='bbox 1195 1357 1334 1408; x_wconf 85' lang='lat' dir='ltr'>causaest</span> <span class='ocrx_word' id='word_1_289' title='bbox 1350 1351 1447 1424; x_wconf 81' lang='lat' dir='ltr'>ligura.</span> <span class='ocrx_word' id='word_1_290' title='bbox 1470 1353 1578 1425; x_wconf 84' lang='lat' dir='ltr'>Quippe</span> <span class='ocrx_word' id='word_1_291' title='bbox 1604 1370 1655 1410; x_wconf 89' lang='lat' dir='ltr'>nec</span> <span class='ocrx_word' id='word_1_292' title='bbox 1671 1362 1726 1412; x_wconf 90' lang='lat' dir='ltr'>tota</span> 
     </span>
     <span class='ocr_line' id='line_1_45' title="bbox 917 1440 1726 1511; baseline 0.006 -15"><span class='ocrx_word' id='word_1_293' title='bbox 917 1458 968 1498; x_wconf 91' lang='lat' dir='ltr'>nec</span> <span class='ocrx_word' id='word_1_294' title='bbox 984 1442 1126 1497; x_wconf 84' lang='lat' dir='ltr'>individua</span> <span class='ocrx_word' id='word_1_295' title='bbox 1142 1456 1214 1508; x_wconf 89' lang='lat' dir='ltr'>esse,</span> <span class='ocrx_word' id='word_1_296' title='bbox 1231 1456 1282 1496; x_wconf 89' lang='lat' dir='ltr'>nec</span> <span class='ocrx_word' id='word_1_297' title='bbox 1298 1440 1407 1511; x_wconf 90' lang='lat' dir='ltr'>species</span> <span class='ocrx_word' id='word_1_298' title='bbox 1427 1441 1530 1498; x_wconf 90' lang='lat' dir='ltr'>babere</span> <span class='ocrx_word' id='word_1_299' title='bbox 1545 1459 1597 1499; x_wconf 90' lang='lat' dir='ltr'>uec</span> <span class='ocrx_word' id='word_1_300' title='bbox 1611 1444 1726 1501; x_wconf 91' lang='lat' dir='ltr'>omniuo</span> 
     </span>
     <span class='ocr_line' id='line_1_46' title="bbox 916 1531 1392 1606; baseline 0 -18"><span class='ocrx_word' id='word_1_301' title='bbox 916 1533 1068 1590; x_wconf 85' lang='lat' dir='ltr'>subsistere</span> <span class='ocrx_word' id='word_1_302' title='bbox 1084 1537 1201 1605; x_wconf 87' lang='lat' dir='ltr'>possunt</span> <span class='ocrx_word' id='word_1_303' title='bbox 1220 1532 1280 1587; x_wconf 90' lang='lat' dir='ltr'>sine</span> <span class='ocrx_word' id='word_1_304' title='bbox 1295 1531 1392 1606; x_wconf 78' lang='lat' dir='ltr'>ligura.</span> 
     </span>
    </p>
   </div>
   <div class='ocr_carea' id='block_1_13' title="bbox 1240 1665 1397 1730">
    <p class='ocr_par' dir='ltr' id='par_1_15' title="bbox 1240 1665 1397 1730">
     <span class='ocr_line' id='line_1_47' title="bbox 1240 1665 1397 1730; baseline 0.006 -13"><span class='ocrx_word' id='word_1_305' title='bbox 1240 1667 1274 1718; x_wconf 78' lang='lat' dir='ltr'>lle</span> <span class='ocrx_word' id='word_1_306' title='bbox 1291 1665 1397 1730; x_wconf 77' lang='lat' dir='ltr'>formis.</span> 
     </span>
    </p>
   </div>
   <div class='ocr_carea' id='block_1_14' title="bbox 911 1773 1728 2854">
    <p class='ocr_par' dir='ltr' id='par_1_16' title="bbox 911 1773 1728 2854">
     <span class='ocr_line' id='line_1_48' title="bbox 949 1773 1726 1845; baseline 0.005 -13"><span class='ocrx_word' id='word_1_307' title='bbox 949 1776 1086 1832; x_wconf 80' lang='lat' dir='ltr'>Similiter</span> <span class='ocrx_word' id='word_1_308' title='bbox 1096 1773 1282 1845; x_wconf 85' lang='lat' dir='ltr'>incorporalia</span> <span class='ocrx_word' id='word_1_309' title='bbox 1295 1781 1394 1831; x_wconf 90' lang='lat' dir='ltr'>cuncta</span> <span class='ocrx_word' id='word_1_310' title='bbox 1409 1774 1471 1831; x_wconf 90' lang='lat' dir='ltr'>sine</span> <span class='ocrx_word' id='word_1_311' title='bbox 1483 1776 1542 1832; x_wconf 90' lang='lat' dir='ltr'>suis</span> <span class='ocrx_word' id='word_1_312' title='bbox 1555 1776 1651 1834; x_wconf 84' lang='lat' dir='ltr'>formis</span> <span class='ocrx_word' id='word_1_313' title='bbox 1665 1794 1726 1836; x_wconf 89' lang='lat' dir='ltr'>esse</span> 
     </span>
     <span class='ocr_line' id='line_1_49' title="bbox 914 1867 1726 1940; baseline 0.005 -17"><span class='ocrx_word' id='word_1_314' title='bbox 914 1885 969 1925; x_wconf 91' lang='lat' dir='ltr'>uon</span> <span class='ocrx_word' id='word_1_315' title='bbox 986 1874 1112 1940; x_wconf 89' lang='lat' dir='ltr'>possunt,</span> <span class='ocrx_word' id='word_1_316' title='bbox 1132 1875 1162 1923; x_wconf 90' lang='lat' dir='ltr'>ut</span> <span class='ocrx_word' id='word_1_317' title='bbox 1174 1882 1272 1924; x_wconf 90' lang='lat' dir='ltr'>omnes</span> <span class='ocrx_word' id='word_1_318' title='bbox 1286 1867 1405 1938; x_wconf 86' lang='lat' dir='ltr'>species,</span> <span class='ocrx_word' id='word_1_319' title='bbox 1423 1875 1450 1924; x_wconf 91' lang='lat' dir='ltr'>et</span> <span class='ocrx_word' id='word_1_320' title='bbox 1475 1868 1629 1928; x_wconf 86' lang='lat' dir='ltr'>individua.</span> <span class='ocrx_word' id='word_1_321' title='bbox 1647 1871 1726 1927; x_wconf 84' lang='lat' dir='ltr'>difle-</span> 
     </span>
     <span class='ocr_line' id='line_1_50' title="bbox 913 1957 1726 2033; baseline 0.01 -23"><span class='ocrx_word' id='word_1_322' title='bbox 913 1960 1016 2016; x_wconf 88' lang='lat' dir='ltr'>rentias</span> <span class='ocrx_word' id='word_1_323' title='bbox 1047 1965 1075 2015; x_wconf 91' lang='lat' dir='ltr'>et</span> <span class='ocrx_word' id='word_1_324' title='bbox 1100 1958 1285 2030; x_wconf 84' lang='lat' dir='ltr'>proprietates</span> <span class='ocrx_word' id='word_1_325' title='bbox 1320 1957 1459 2029; x_wconf 89' lang='lat' dir='ltr'>accipiunt</span> <span class='ocrx_word' id='word_1_326' title='bbox 1486 1958 1597 2026; x_wconf 89' lang='lat' dir='ltr'>formas,</span> <span class='ocrx_word' id='word_1_327' title='bbox 1625 1962 1726 2033; x_wconf 88' lang='lat' dir='ltr'>quibus</span> 
     </span>
     <span class='ocr_line' id='line_1_51' title="bbox 912 2050 1726 2126; baseline 0.004 -18"><span class='ocrx_word' id='word_1_328' title='bbox 912 2052 1043 2109; x_wconf 84' lang='lat' dir='ltr'>existunt.</span> <span class='ocrx_word' id='word_1_329' title='bbox 1061 2050 1150 2105; x_wconf 86' lang='lat' dir='ltr'>Prima</span> <span class='ocrx_word' id='word_1_330' title='bbox 1162 2066 1228 2106; x_wconf 86' lang='lat' dir='ltr'>vero</span> <span class='ocrx_word' id='word_1_331' title='bbox 1245 2064 1349 2116; x_wconf 87' lang='lat' dir='ltr'>rerum,</span> <span class='ocrx_word' id='word_1_332' title='bbox 1368 2065 1473 2126; x_wconf 82' lang='lat' dir='ltr'>genera</span> <span class='ocrx_word' id='word_1_333' title='bbox 1487 2051 1636 2107; x_wconf 86' lang='lat' dir='ltr'>essentiam</span> <span class='ocrx_word' id='word_1_334' title='bbox 1652 2056 1726 2111; x_wconf 90' lang='lat' dir='ltr'>acci-</span> 
     </span>
     <span class='ocr_line' id='line_1_52' title="bbox 911 2139 1727 2213; baseline 0.002 -17"><span class='ocrx_word' id='word_1_335' title='bbox 911 2141 991 2212; x_wconf 92' lang='lat' dir='ltr'>piunt</span> <span class='ocrx_word' id='word_1_336' title='bbox 1014 2155 1063 2213; x_wconf 91' lang='lat' dir='ltr'>pro</span> <span class='ocrx_word' id='word_1_337' title='bbox 1079 2139 1176 2206; x_wconf 88' lang='lat' dir='ltr'>forma,</span> <span class='ocrx_word' id='word_1_338' title='bbox 1198 2153 1261 2193; x_wconf 90' lang='lat' dir='ltr'>uam</span> <span class='ocrx_word' id='word_1_339' title='bbox 1289 2139 1523 2210; x_wconf 89' lang='lat' dir='ltr'>quemadmodum</span> <span class='ocrx_word' id='word_1_340' title='bbox 1552 2140 1648 2196; x_wconf 83' lang='lat' dir='ltr'>formae</span> <span class='ocrx_word' id='word_1_341' title='bbox 1667 2143 1727 2198; x_wconf 88' lang='lat' dir='ltr'>suis</span> 
     </span>
     <span class='ocr_line' id='line_1_53' title="bbox 914 2233 1725 2307; baseline 0 -13"><span class='ocrx_word' id='word_1_342' title='bbox 914 2236 998 2295; x_wconf 90' lang='lat' dir='ltr'>rcbus</span> <span class='ocrx_word' id='word_1_343' title='bbox 1008 2237 1074 2291; x_wconf 88' lang='lat' dir='ltr'>dant</span> <span class='ocrx_word' id='word_1_344' title='bbox 1083 2251 1155 2303; x_wconf 83' lang='lat' dir='ltr'>esse,</span> <span class='ocrx_word' id='word_1_345' title='bbox 1168 2235 1206 2289; x_wconf 91' lang='lat' dir='ltr'>ita</span> <span class='ocrx_word' id='word_1_346' title='bbox 1218 2249 1321 2307; x_wconf 83' lang='lat' dir='ltr'>genera</span> <span class='ocrx_word' id='word_1_347' title='bbox 1334 2249 1441 2289; x_wconf 90' lang='lat' dir='ltr'>summa</span> <span class='ocrx_word' id='word_1_348' title='bbox 1455 2233 1507 2288; x_wconf 91' lang='lat' dir='ltr'>nisi</span> <span class='ocrx_word' id='word_1_349' title='bbox 1520 2250 1569 2305; x_wconf 87' lang='lat' dir='ltr'>per</span> <span class='ocrx_word' id='word_1_350' title='bbox 1576 2238 1725 2294; x_wconf 86' lang='lat' dir='ltr'>essentiam</span> 
     </span>
     <span class='ocr_line' id='line_1_54' title="bbox 914 2324 1728 2400; baseline 0.001 -16"><span class='ocrx_word' id='word_1_351' title='bbox 914 2344 969 2385; x_wconf 88' lang='lat' dir='ltr'>uon</span> <span class='ocrx_word' id='word_1_352' title='bbox 985 2334 1101 2400; x_wconf 91' lang='lat' dir='ltr'>possunt</span> <span class='ocrx_word' id='word_1_353' title='bbox 1112 2343 1186 2382; x_wconf 89' lang='lat' dir='ltr'>esso.</span> <span class='ocrx_word' id='word_1_354' title='bbox 1204 2326 1234 2380; x_wconf 89' lang='lat' dir='ltr'>Et</span> <span class='ocrx_word' id='word_1_355' title='bbox 1249 2332 1356 2381; x_wconf 81' lang='lat' dir='ltr'>caeterae</span> <span class='ocrx_word' id='word_1_356' title='bbox 1366 2324 1462 2381; x_wconf 81' lang='lat' dir='ltr'>formae</span> <span class='ocrx_word' id='word_1_357' title='bbox 1477 2341 1576 2381; x_wconf 89' lang='lat' dir='ltr'>omues</span> <span class='ocrx_word' id='word_1_358' title='bbox 1587 2344 1645 2383; x_wconf 76' lang='lat' dir='ltr'>suen</span> <span class='ocrx_word' id='word_1_359' title='bbox 1662 2337 1728 2385; x_wconf 89' lang='lat' dir='ltr'>sunt</span> 
     </span>
     <span class='ocr_line' id='line_1_55' title="bbox 914 2416 1728 2484; baseline 0 -9"><span class='ocrx_word' id='word_1_360' title='bbox 914 2436 1026 2475; x_wconf 89' lang='lat' dir='ltr'>suarum</span> <span class='ocrx_word' id='word_1_361' title='bbox 1041 2435 1143 2484; x_wconf 86' lang='lat' dir='ltr'>rerum,</span> <span class='ocrx_word' id='word_1_362' title='bbox 1160 2416 1281 2472; x_wconf 88' lang='lat' dir='ltr'>essentia</span> <span class='ocrx_word' id='word_1_363' title='bbox 1295 2431 1362 2472; x_wconf 85' lang='lat' dir='ltr'>vero</span> <span class='ocrx_word' id='word_1_364' title='bbox 1377 2417 1533 2472; x_wconf 89' lang='lat' dir='ltr'>communis</span> <span class='ocrx_word' id='word_1_365' title='bbox 1548 2424 1575 2473; x_wconf 89' lang='lat' dir='ltr'>el</span> <span class='ocrx_word' id='word_1_366' title='bbox 1585 2419 1728 2475; x_wconf 84' lang='lat' dir='ltr'>universa·</span> 
     </span>
     <span class='ocr_line' id='line_1_56' title="bbox 914 2507 1726 2570; baseline 0 -2"><span class='ocrx_word' id='word_1_367' title='bbox 914 2513 1000 2568; x_wconf 87' lang='lat' dir='ltr'>lisest</span> <span class='ocrx_word' id='word_1_368' title='bbox 1019 2510 1142 2567; x_wconf 85' lang='lat' dir='ltr'>omnium</span> <span class='ocrx_word' id='word_1_369' title='bbox 1163 2525 1265 2564; x_wconf 89' lang='lat' dir='ltr'>rerum.</span> <span class='ocrx_word' id='word_1_370' title='bbox 1282 2508 1347 2564; x_wconf 83' lang='lat' dir='ltr'>dliae</span> <span class='ocrx_word' id='word_1_371' title='bbox 1368 2507 1464 2564; x_wconf 85' lang='lat' dir='ltr'>lormae</span> <span class='ocrx_word' id='word_1_372' title='bbox 1483 2525 1547 2565; x_wconf 90' lang='lat' dir='ltr'>suas</span> <span class='ocrx_word' id='word_1_373' title='bbox 1560 2527 1605 2565; x_wconf 89' lang='lat' dir='ltr'>res</span> <span class='ocrx_word' id='word_1_374' title='bbox 1621 2511 1726 2570; x_wconf 92' lang='lat' dir='ltr'>faciunt</span> 
     </span>
     <span class='ocr_line' id='line_1_57' title="bbox 915 2596 1725 2674; baseline -0.002 -17"><span class='ocrx_word' id='word_1_375' title='bbox 915 2602 1020 2674; x_wconf 89' lang='lat' dir='ltr'>aliquid</span> <span class='ocrx_word' id='word_1_376' title='bbox 1036 2617 1107 2666; x_wconf 91' lang='lat' dir='ltr'>esse,</span> <span class='ocrx_word' id='word_1_377' title='bbox 1124 2599 1245 2655; x_wconf 86' lang='lat' dir='ltr'>essentia</span> <span class='ocrx_word' id='word_1_378' title='bbox 1259 2612 1325 2653; x_wconf 78' lang='lat' dir='ltr'>uero</span> <span class='ocrx_word' id='word_1_379' title='bbox 1339 2596 1406 2653; x_wconf 90' lang='lat' dir='ltr'>facit</span> <span class='ocrx_word' id='word_1_380' title='bbox 1418 2612 1517 2654; x_wconf 90' lang='lat' dir='ltr'>omues</span> <span class='ocrx_word' id='word_1_381' title='bbox 1532 2615 1576 2654; x_wconf 90' lang='lat' dir='ltr'>res</span> <span class='ocrx_word' id='word_1_382' title='bbox 1590 2600 1725 2672; x_wconf 89' lang='lat' dir='ltr'>simplici·</span> 
     </span>
     <span class='ocr_line' id='line_1_58' title="bbox 915 2687 1726 2759; baseline 0.004 -15"><span class='ocrx_word' id='word_1_383' title='bbox 915 2696 957 2744; x_wconf 85' lang='lat' dir='ltr'>ter</span> <span class='ocrx_word' id='word_1_384' title='bbox 971 2705 1040 2745; x_wconf 88' lang='lat' dir='ltr'>esse.</span> <span class='ocrx_word' id='word_1_385' title='bbox 1058 2689 1089 2743; x_wconf 83' lang='lat' dir='ltr'>m</span> <span class='ocrx_word' id='word_1_386' title='bbox 1101 2705 1162 2744; x_wconf 93' lang='lat' dir='ltr'>cum</span> <span class='ocrx_word' id='word_1_387' title='bbox 1175 2703 1218 2743; x_wconf 90' lang='lat' dir='ltr'>res</span> <span class='ocrx_word' id='word_1_388' title='bbox 1232 2703 1330 2743; x_wconf 87' lang='lat' dir='ltr'>omues</span> <span class='ocrx_word' id='word_1_389' title='bbox 1351 2687 1472 2743; x_wconf 88' lang='lat' dir='ltr'>babeant</span> <span class='ocrx_word' id='word_1_390' title='bbox 1486 2689 1611 2759; x_wconf 89' lang='lat' dir='ltr'>proprias</span> <span class='ocrx_word' id='word_1_391' title='bbox 1624 2689 1726 2747; x_wconf 85' lang='lat' dir='ltr'>formas</span> 
     </span>
     <span class='ocr_line' id='line_1_59' title="bbox 915 2775 1723 2854; baseline 0.005 -22"><span class='ocrx_word' id='word_1_392' title='bbox 915 2779 1016 2849; x_wconf 91' lang='lat' dir='ltr'>quibus</span> <span class='ocrx_word' id='word_1_393' title='bbox 1042 2777 1195 2833; x_wconf 84' lang='lat' dir='ltr'>formantur</span> <span class='ocrx_word' id='word_1_394' title='bbox 1222 2775 1256 2831; x_wconf 89' lang='lat' dir='ltr'>ad</span> <span class='ocrx_word' id='word_1_395' title='bbox 1280 2775 1384 2848; x_wconf 88' lang='lat' dir='ltr'>aliquid</span> <span class='ocrx_word' id='word_1_396' title='bbox 1408 2792 1479 2843; x_wconf 88' lang='lat' dir='ltr'>esse,</span> <span class='ocrx_word' id='word_1_397' title='bbox 1508 2778 1596 2848; x_wconf 89' lang='lat' dir='ltr'>prima</span> <span class='ocrx_word' id='word_1_398' title='bbox 1622 2796 1723 2854; x_wconf 81' lang='lat' dir='ltr'>genera</span> 
     </span>
    </p>
   </div>
   <div class='ocr_carea' id='block_1_15' title="bbox 913 2867 1722 2939">
    <p class='ocr_par' dir='ltr' id='par_1_17' title="bbox 913 2867 1722 2939">
     <span class='ocr_line' id='line_1_60' title="bbox 913 2867 1722 2939; baseline -0.002 -15"><span class='ocrx_word' id='word_1_399' title='bbox 913 2886 1003 2925; x_wconf 92' lang='lat' dir='ltr'>rerum</span> <span class='ocrx_word' id='word_1_400' title='bbox 1026 2869 1131 2924; x_wconf 89' lang='lat' dir='ltr'>babent</span> <span class='ocrx_word' id='word_1_401' title='bbox 1158 2867 1388 2939; x_wconf 83' lang='lat' dir='ltr'>essentiamque</span> <span class='ocrx_word' id='word_1_402' title='bbox 1414 2867 1569 2924; x_wconf 89' lang='lat' dir='ltr'>formantur</span> <span class='ocrx_word' id='word_1_403' title='bbox 1588 2870 1621 2924; x_wconf 92' lang='lat' dir='ltr'>ad</span> <span class='ocrx_word' id='word_1_404' title='bbox 1650 2887 1722 2926; x_wconf 88' lang='lat' dir='ltr'>esse.</span> 
     </span>
    </p>
   </div>
   <div class='ocr_carea' id='block_1_16' title="bbox 52 2956 1722 3035">
    <p class='ocr_par' dir='ltr' id='par_1_18' title="bbox 52 2956 1722 3035">
     <span class='ocr_line' id='line_1_61' title="bbox 52 2956 1722 3035; baseline 0.004 -24"><span class='ocrx_word' id='word_1_405' title='bbox 52 2956 228 3024; x_wconf 86' lang='lat' dir='ltr'>seinvicem,</span> <span class='ocrx_word' id='word_1_406' title='bbox 244 2958 392 3014; x_wconf 88' lang='lat' dir='ltr'>introrsum</span> <span class='ocrx_word' id='word_1_407' title='bbox 414 2958 559 3015; x_wconf 81' lang='lat' dir='ltr'>revolvunt</span> <span class='ocrx_word' id='word_1_408' title='bbox 579 2959 606 3014; x_wconf 92' lang='lat' dir='ltr'>in</span> <span class='ocrx_word' id='word_1_409' title='bbox 628 2959 711 3025; x_wconf 84' lang='lat' dir='ltr'>idem,</span> <span class='ocrx_word' id='word_1_410' title='bbox 739 2968 769 3016; x_wconf 92' lang='lat' dir='ltr'>ut</span> <span class='ocrx_word' id='word_1_411' title='bbox 790 2960 1023 3035; x_wconf 73' lang='lat' dir='ltr'>idemCllaeteree</span> <span class='ocrx_word' id='word_1_412' title='bbox 1047 2959 1141 3016; x_wconf 82' lang='lat' dir='ltr'>formae</span> <span class='ocrx_word' id='word_1_413' title='bbox 1163 2975 1226 3015; x_wconf 90' lang='lat' dir='ltr'>suas</span> <span class='ocrx_word' id='word_1_414' title='bbox 1240 2975 1284 3015; x_wconf 90' lang='lat' dir='ltr'>res</span> <span class='ocrx_word' id='word_1_415' title='bbox 1314 2959 1418 3016; x_wconf 89' lang='lat' dir='ltr'>faciunt</span> <span class='ocrx_word' id='word_1_416' title='bbox 1442 2959 1508 3032; x_wconf 92' lang='lat' dir='ltr'>quid</span> <span class='ocrx_word' id='word_1_417' title='bbox 1526 2968 1599 3017; x_wconf 91' lang='lat' dir='ltr'>sunt.</span> <span class='ocrx_word' id='word_1_418' title='bbox 1616 2962 1646 3018; x_wconf 79' lang='lat' dir='ltr'>lit</span> <span class='ocrx_word' id='word_1_419' title='bbox 1660 2979 1722 3018; x_wconf 92' lang='lat' dir='ltr'>cum</span> 
     </span>
    </p>
   </div>
   <div class='ocr_carea' id='block_1_17' title="bbox 53 3045 867 4312">
    <p class='ocr_par' dir='ltr' id='par_1_19' title="bbox 53 3045 866 3664">
     <span class='ocr_line' id='line_1_62' title="bbox 53 3045 864 3121; baseline 0.004 -21"><span class='ocrx_word' id='word_1_420' title='bbox 53 3047 205 3101; x_wconf 91' lang='lat' dir='ltr'>secundum</span> <span class='ocrx_word' id='word_1_421' title='bbox 222 3047 347 3102; x_wconf 87' lang='lat' dir='ltr'>diversas</span> <span class='ocrx_word' id='word_1_422' title='bbox 361 3045 552 3114; x_wconf 64' lang='lat' dir='ltr'>habitudines</span> <span class='ocrx_word' id='word_1_423' title='bbox 563 3049 705 3121; x_wconf 88' lang='lat' dir='ltr'>utriusque</span> <span class='ocrx_word' id='word_1_424' title='bbox 716 3065 864 3120; x_wconf 84' lang='lat' dir='ltr'>processus</span> 
     </span>
     <span class='ocr_line' id='line_1_63' title="bbox 55 3136 863 3208; baseline 0.002 -18"><span class='ocrx_word' id='word_1_425' title='bbox 55 3136 90 3191; x_wconf 89' lang='lat' dir='ltr'>sit</span> <span class='ocrx_word' id='word_1_426' title='bbox 108 3136 227 3191; x_wconf 89' lang='lat' dir='ltr'>modius.</span> <span class='ocrx_word' id='word_1_427' title='bbox 240 3137 295 3192; x_wconf 88' lang='lat' dir='ltr'>Nee</span> <span class='ocrx_word' id='word_1_428' title='bbox 310 3136 404 3191; x_wconf 90' lang='lat' dir='ltr'>infima</span> <span class='ocrx_word' id='word_1_429' title='bbox 425 3144 622 3207; x_wconf 89' lang='lat' dir='ltr'>supponuntur</span> <span class='ocrx_word' id='word_1_430' title='bbox 634 3139 750 3192; x_wconf 91' lang='lat' dir='ltr'>summis</span> <span class='ocrx_word' id='word_1_431' title='bbox 764 3139 863 3208; x_wconf 78' lang='lat' dir='ltr'>predi-</span> 
     </span>
     <span class='ocr_line' id='line_1_64' title="bbox 53 3225 864 3302; baseline 0.004 -22"><span class='ocrx_word' id='word_1_432' title='bbox 53 3225 173 3291; x_wconf 83' lang='lat' dir='ltr'>catione,</span> <span class='ocrx_word' id='word_1_433' title='bbox 189 3225 245 3281; x_wconf 93' lang='lat' dir='ltr'>imo</span> <span class='ocrx_word' id='word_1_434' title='bbox 260 3240 321 3280; x_wconf 88' lang='lat' dir='ltr'>sese</span> <span class='ocrx_word' id='word_1_435' title='bbox 344 3225 498 3297; x_wconf 87' lang='lat' dir='ltr'>respiciunt</span> <span class='ocrx_word' id='word_1_436' title='bbox 515 3241 531 3281; x_wconf 88' lang='lat' dir='ltr'>e</span> <span class='ocrx_word' id='word_1_437' title='bbox 552 3227 677 3302; x_wconf 82' lang='lat' dir='ltr'>regione,</span> <span class='ocrx_word' id='word_1_438' title='bbox 692 3233 719 3282; x_wconf 91' lang='lat' dir='ltr'>et</span> <span class='ocrx_word' id='word_1_439' title='bbox 734 3234 864 3299; x_wconf 90' lang='lat' dir='ltr'>tanquam</span> 
     </span>
     <span class='ocr_line' id='line_1_65' title="bbox 55 3317 866 3390; baseline 0 -16"><span class='ocrx_word' id='word_1_440' title='bbox 55 3317 194 3390; x_wconf 88' lang='lat' dir='ltr'>oppositu,</span> <span class='ocrx_word' id='word_1_441' title='bbox 217 3333 309 3388; x_wconf 90' lang='lat' dir='ltr'>neque</span> <span class='ocrx_word' id='word_1_442' title='bbox 318 3317 354 3372; x_wconf 91' lang='lat' dir='ltr'>de</span> <span class='ocrx_word' id='word_1_443' title='bbox 365 3317 470 3372; x_wconf 87' lang='lat' dir='ltr'>infimis</span> <span class='ocrx_word' id='word_1_444' title='bbox 493 3317 688 3387; x_wconf 82' lang='lat' dir='ltr'>predicantur,</span> <span class='ocrx_word' id='word_1_445' title='bbox 712 3333 763 3373; x_wconf 90' lang='lat' dir='ltr'>nec</span> <span class='ocrx_word' id='word_1_446' title='bbox 776 3318 811 3373; x_wconf 91' lang='lat' dir='ltr'>ab</span> <span class='ocrx_word' id='word_1_447' title='bbox 825 3319 866 3374; x_wconf 87' lang='lat' dir='ltr'>eis</span> 
     </span>
     <span class='ocr_line' id='line_1_66' title="bbox 55 3409 865 3482; baseline 0 -18"><span class='ocrx_word' id='word_1_448' title='bbox 55 3416 260 3478; x_wconf 91' lang='lat' dir='ltr'>componuntur</span> <span class='ocrx_word' id='word_1_449' title='bbox 284 3424 400 3476; x_wconf 88' lang='lat' dir='ltr'>summa,</span> <span class='ocrx_word' id='word_1_450' title='bbox 418 3424 480 3463; x_wconf 89' lang='lat' dir='ltr'>nam</span> <span class='ocrx_word' id='word_1_451' title='bbox 497 3414 629 3479; x_wconf 89' lang='lat' dir='ltr'>punctum</span> <span class='ocrx_word' id='word_1_452' title='bbox 658 3409 751 3474; x_wconf 76' lang='lat' dir='ltr'>linem,</span> <span class='ocrx_word' id='word_1_453' title='bbox 766 3425 865 3482; x_wconf 92' lang='lat' dir='ltr'>quam·</span> 
     </span>
     <span class='ocr_line' id='line_1_67' title="bbox 54 3498 866 3572; baseline 0.001 -19"><span class='ocrx_word' id='word_1_454' title='bbox 54 3498 225 3554; x_wconf 86' lang='lat' dir='ltr'>visnoudum</span> <span class='ocrx_word' id='word_1_455' title='bbox 240 3499 276 3554; x_wconf 90' lang='lat' dir='ltr'>sit</span> <span class='ocrx_word' id='word_1_456' title='bbox 294 3499 380 3565; x_wconf 90' lang='lat' dir='ltr'>linea,</span> <span class='ocrx_word' id='word_1_457' title='bbox 396 3515 452 3555; x_wconf 93' lang='lat' dir='ltr'>non</span> <span class='ocrx_word' id='word_1_458' title='bbox 468 3507 618 3556; x_wconf 88' lang='lat' dir='ltr'>esttamen</span> <span class='ocrx_word' id='word_1_459' title='bbox 633 3500 811 3572; x_wconf 89' lang='lat' dir='ltr'>penitusnon</span> <span class='ocrx_word' id='word_1_460' title='bbox 832 3501 866 3555; x_wconf 92' lang='lat' dir='ltr'>li-</span> 
     </span>
     <span class='ocr_line' id='line_1_68' title="bbox 58 3591 426 3664; baseline 0.003 -18"><span class='ocrx_word' id='word_1_461' title='bbox 58 3608 120 3659; x_wconf 91' lang='lat' dir='ltr'>noa,</span> <span class='ocrx_word' id='word_1_462' title='bbox 137 3592 184 3647; x_wconf 88' lang='lat' dir='ltr'>sed</span> <span class='ocrx_word' id='word_1_463' title='bbox 206 3598 247 3647; x_wconf 92' lang='lat' dir='ltr'>est</span> <span class='ocrx_word' id='word_1_464' title='bbox 258 3607 330 3664; x_wconf 89' lang='lat' dir='ltr'>pene</span> <span class='ocrx_word' id='word_1_465' title='bbox 342 3591 426 3648; x_wconf 89' lang='lat' dir='ltr'>linea.</span> 
     </span>
    </p>

    <p class='ocr_par' dir='ltr' id='par_1_20' title="bbox 54 3681 867 4028">
     <span class='ocr_line' id='line_1_69' title="bbox 93 3681 867 3756; baseline 0.004 -20"><span class='ocrx_word' id='word_1_466' title='bbox 93 3682 137 3736; x_wconf 85' lang='lat' dir='ltr'>Est</span> <span class='ocrx_word' id='word_1_467' title='bbox 152 3682 236 3756; x_wconf 77' lang='lat' dir='ltr'>igitur</span> <span class='ocrx_word' id='word_1_468' title='bbox 252 3682 323 3738; x_wconf 89' lang='lat' dir='ltr'>linea</span> <span class='ocrx_word' id='word_1_469' title='bbox 334 3681 549 3754; x_wconf 91' lang='lat' dir='ltr'>quodammodo,</span> <span class='ocrx_word' id='word_1_470' title='bbox 567 3684 692 3755; x_wconf 88' lang='lat' dir='ltr'>quamvis</span> <span class='ocrx_word' id='word_1_471' title='bbox 707 3699 763 3739; x_wconf 91' lang='lat' dir='ltr'>non</span> <span class='ocrx_word' id='word_1_472' title='bbox 779 3684 815 3739; x_wconf 90' lang='lat' dir='ltr'>sit</span> <span class='ocrx_word' id='word_1_473' title='bbox 833 3684 867 3739; x_wconf 93' lang='lat' dir='ltr'>li·</span> 
     </span>
     <span class='ocr_line' id='line_1_70' title="bbox 58 3774 864 3847; baseline 0.001 -16"><span class='ocrx_word' id='word_1_474' title='bbox 58 3793 110 3832; x_wconf 87' lang='lat' dir='ltr'>nea</span> <span class='ocrx_word' id='word_1_475' title='bbox 122 3776 291 3832; x_wconf 91' lang='lat' dir='ltr'>omnimodo.</span> <span class='ocrx_word' id='word_1_476' title='bbox 305 3774 437 3831; x_wconf 84' lang='lat' dir='ltr'>Similiter</span> <span class='ocrx_word' id='word_1_477' title='bbox 450 3782 477 3830; x_wconf 90' lang='lat' dir='ltr'>et</span> <span class='ocrx_word' id='word_1_478' title='bbox 488 3774 577 3831; x_wconf 90' lang='lat' dir='ltr'>littera</span> <span class='ocrx_word' id='word_1_479' title='bbox 592 3790 647 3831; x_wconf 94' lang='lat' dir='ltr'>uou</span> <span class='ocrx_word' id='word_1_480' title='bbox 660 3783 702 3830; x_wconf 90' lang='lat' dir='ltr'>est</span> <span class='ocrx_word' id='word_1_481' title='bbox 712 3774 864 3847; x_wconf 84' lang='lat' dir='ltr'>toxplene,</span> 
     </span>
     <span class='ocr_line' id='line_1_71' title="bbox 54 3864 866 3937; baseline 0 -16"><span class='ocrx_word' id='word_1_482' title='bbox 54 3867 104 3921; x_wconf 90' lang='lat' dir='ltr'>sed</span> <span class='ocrx_word' id='word_1_483' title='bbox 120 3882 212 3937; x_wconf 87' lang='lat' dir='ltr'>pene;</span> <span class='ocrx_word' id='word_1_484' title='bbox 228 3881 283 3920; x_wconf 92' lang='lat' dir='ltr'>nou</span> <span class='ocrx_word' id='word_1_485' title='bbox 298 3871 340 3919; x_wconf 86' lang='lat' dir='ltr'>est</span> <span class='ocrx_word' id='word_1_486' title='bbox 353 3879 405 3920; x_wconf 82' lang='lat' dir='ltr'>vox</span> <span class='ocrx_word' id='word_1_487' title='bbox 420 3864 594 3932; x_wconf 93' lang='lat' dir='ltr'>omnimodo,</span> <span class='ocrx_word' id='word_1_488' title='bbox 610 3864 658 3919; x_wconf 89' lang='lat' dir='ltr'>sed</span> <span class='ocrx_word' id='word_1_489' title='bbox 672 3864 866 3937; x_wconf 88' lang='lat' dir='ltr'>aliquomodo;</span> 
     </span>
     <span class='ocr_line' id='line_1_72' title="bbox 56 3955 637 4028; baseline -0.002 -17"><span class='ocrx_word' id='word_1_490' title='bbox 56 3974 111 4013; x_wconf 92' lang='lat' dir='ltr'>nou</span> <span class='ocrx_word' id='word_1_491' title='bbox 129 3965 171 4012; x_wconf 90' lang='lat' dir='ltr'>est</span> <span class='ocrx_word' id='word_1_492' title='bbox 185 3973 235 4012; x_wconf 88' lang='lat' dir='ltr'>vox</span> <span class='ocrx_word' id='word_1_493' title='bbox 250 3955 384 4027; x_wconf 89' lang='lat' dir='ltr'>perlecta,</span> <span class='ocrx_word' id='word_1_494' title='bbox 399 3956 448 4011; x_wconf 86' lang='lat' dir='ltr'>sed</span> <span class='ocrx_word' id='word_1_495' title='bbox 465 3956 637 4028; x_wconf 89' lang='lat' dir='ltr'>imperfecta.</span> 
     </span>
    </p>

    <p class='ocr_par' dir='ltr' id='par_1_21' title="bbox 55 4046 867 4312">
     <span class='ocr_line' id='line_1_73' title="bbox 89 4046 867 4122; baseline 0.001 -19"><span class='ocrx_word' id='word_1_496' title='bbox 89 4049 135 4103; x_wconf 79' lang='lat' dir='ltr'>list</span> <span class='ocrx_word' id='word_1_497' title='bbox 161 4055 273 4122; x_wconf 83' lang='lat' dir='ltr'>ergoet</span> <span class='ocrx_word' id='word_1_498' title='bbox 301 4047 441 4119; x_wconf 83' lang='lat' dir='ltr'>quantitas</span> <span class='ocrx_word' id='word_1_499' title='bbox 457 4046 674 4119; x_wconf 87' lang='lat' dir='ltr'>quodammodo,</span> <span class='ocrx_word' id='word_1_500' title='bbox 694 4048 824 4106; x_wconf 89' lang='lat' dir='ltr'>similiter</span> <span class='ocrx_word' id='word_1_501' title='bbox 838 4064 867 4114; x_wconf 80' lang='lat' dir='ltr'>et</span> 
     </span>
     <span class='ocr_line' id='line_1_74' title="bbox 55 4140 862 4213; baseline 0.005 -18"><span class='ocrx_word' id='word_1_502' title='bbox 55 4149 166 4195; x_wconf 88' lang='lat' dir='ltr'>atomus</span> <span class='ocrx_word' id='word_1_503' title='bbox 181 4140 317 4212; x_wconf 87' lang='lat' dir='ltr'>corporis,</span> <span class='ocrx_word' id='word_1_504' title='bbox 333 4154 523 4211; x_wconf 89' lang='lat' dir='ltr'>penecorpus,</span> <span class='ocrx_word' id='word_1_505' title='bbox 534 4147 561 4195; x_wconf 90' lang='lat' dir='ltr'>et</span> <span class='ocrx_word' id='word_1_506' title='bbox 576 4150 708 4212; x_wconf 92' lang='lat' dir='ltr'>punctum</span> <span class='ocrx_word' id='word_1_507' title='bbox 719 4145 862 4213; x_wconf 90' lang='lat' dir='ltr'>temporis,</span> 
     </span>
     <span class='ocr_line' id='line_1_75' title="bbox 55 4231 862 4312; baseline 0.006 -26"><span class='ocrx_word' id='word_1_508' title='bbox 55 4248 126 4302; x_wconf 91' lang='lat' dir='ltr'>pene</span> <span class='ocrx_word' id='word_1_509' title='bbox 154 4239 273 4304; x_wconf 88' lang='lat' dir='ltr'>tempus,</span> <span class='ocrx_word' id='word_1_510' title='bbox 302 4240 330 4287; x_wconf 90' lang='lat' dir='ltr'>et</span> <span class='ocrx_word' id='word_1_511' title='bbox 349 4231 450 4296; x_wconf 91' lang='lat' dir='ltr'>unitas,</span> <span class='ocrx_word' id='word_1_512' title='bbox 481 4247 552 4303; x_wconf 90' lang='lat' dir='ltr'>pene</span> <span class='ocrx_word' id='word_1_513' title='bbox 569 4249 712 4302; x_wconf 91' lang='lat' dir='ltr'>uumerus,</span> <span class='ocrx_word' id='word_1_514' title='bbox 727 4234 782 4289; x_wconf 91' lang='lat' dir='ltr'>sint</span> <span class='ocrx_word' id='word_1_515' title='bbox 796 4251 862 4312; x_wconf 84' lang='lat' dir='ltr'>ergo</span> 
     </span>
    </p>
   </div>
   <div class='ocr_carea' id='block_1_18' title="bbox 914 3048 1726 4294">
    <p class='ocr_par' dir='ltr' id='par_1_22' title="bbox 914 3048 1726 4294">
     <span class='ocr_line' id='line_1_76' title="bbox 914 3048 1723 3125; baseline 0.006 -21"><span class='ocrx_word' id='word_1_516' title='bbox 914 3049 988 3104; x_wconf 91' lang='lat' dir='ltr'>aliud</span> <span class='ocrx_word' id='word_1_517' title='bbox 1009 3051 1044 3103; x_wconf 90' lang='lat' dir='ltr'>sit</span> <span class='ocrx_word' id='word_1_518' title='bbox 1059 3048 1163 3120; x_wconf 90' lang='lat' dir='ltr'>aliquid</span> <span class='ocrx_word' id='word_1_519' title='bbox 1184 3065 1257 3114; x_wconf 89' lang='lat' dir='ltr'>esso,</span> <span class='ocrx_word' id='word_1_520' title='bbox 1283 3048 1446 3117; x_wconf 90' lang='lat' dir='ltr'>aliudesse,</span> <span class='ocrx_word' id='word_1_521' title='bbox 1463 3049 1524 3105; x_wconf 74' lang='lat' dir='ltr'>aliae</span> <span class='ocrx_word' id='word_1_522' title='bbox 1548 3051 1642 3107; x_wconf 76' lang='lat' dir='ltr'>forma.</span> <span class='ocrx_word' id='word_1_523' title='bbox 1659 3070 1723 3125; x_wconf 88' lang='lat' dir='ltr'>por-</span> 
     </span>
     <span class='ocr_line' id='line_1_77' title="bbox 915 3139 1726 3213; baseline 0.002 -19"><span class='ocrx_word' id='word_1_524' title='bbox 915 3140 1005 3194; x_wconf 88' lang='lat' dir='ltr'>tinent</span> <span class='ocrx_word' id='word_1_525' title='bbox 1017 3139 1051 3193; x_wconf 91' lang='lat' dir='ltr'>ad</span> <span class='ocrx_word' id='word_1_526' title='bbox 1072 3139 1175 3210; x_wconf 87' lang='lat' dir='ltr'>aliquid</span> <span class='ocrx_word' id='word_1_527' title='bbox 1190 3155 1261 3201; x_wconf 91' lang='lat' dir='ltr'>esse,</span> <span class='ocrx_word' id='word_1_528' title='bbox 1285 3146 1313 3193; x_wconf 90' lang='lat' dir='ltr'>ct</span> <span class='ocrx_word' id='word_1_529' title='bbox 1333 3154 1387 3193; x_wconf 94' lang='lat' dir='ltr'>non</span> <span class='ocrx_word' id='word_1_530' title='bbox 1413 3140 1536 3195; x_wconf 89' lang='lat' dir='ltr'>adesse.</span> <span class='ocrx_word' id='word_1_531' title='bbox 1554 3141 1584 3196; x_wconf 89' lang='lat' dir='ltr'>Et</span> <span class='ocrx_word' id='word_1_532' title='bbox 1600 3144 1726 3213; x_wconf 88' lang='lat' dir='ltr'>quamvis</span> 
     </span>
     <span class='ocr_line' id='line_1_78' title="bbox 916 3225 1723 3296; baseline 0.005 -16"><span class='ocrx_word' id='word_1_533' title='bbox 916 3227 949 3280; x_wconf 88' lang='lat' dir='ltr'>ad</span> <span class='ocrx_word' id='word_1_534' title='bbox 961 3225 1066 3296; x_wconf 90' lang='lat' dir='ltr'>aliquid</span> <span class='ocrx_word' id='word_1_535' title='bbox 1082 3241 1145 3280; x_wconf 90' lang='lat' dir='ltr'>esse</span> <span class='ocrx_word' id='word_1_536' title='bbox 1159 3232 1291 3296; x_wconf 89' lang='lat' dir='ltr'>sequatur</span> <span class='ocrx_word' id='word_1_537' title='bbox 1304 3241 1384 3290; x_wconf 84' lang='lat' dir='ltr'>esse;</span> <span class='ocrx_word' id='word_1_538' title='bbox 1401 3241 1457 3281; x_wconf 90' lang='lat' dir='ltr'>nou</span> <span class='ocrx_word' id='word_1_539' title='bbox 1478 3237 1519 3283; x_wconf 90' lang='lat' dir='ltr'>est</span> <span class='ocrx_word' id='word_1_540' title='bbox 1535 3234 1626 3283; x_wconf 90' lang='lat' dir='ltr'>tamen</span> <span class='ocrx_word' id='word_1_541' title='bbox 1638 3239 1723 3284; x_wconf 83' lang='lat' dir='ltr'>eaete-</span> 
     </span>
     <span class='ocr_line' id='line_1_79' title="bbox 916 3311 1723 3387; baseline 0.004 -18"><span class='ocrx_word' id='word_1_542' title='bbox 916 3330 1007 3369; x_wconf 91' lang='lat' dir='ltr'>rarum</span> <span class='ocrx_word' id='word_1_543' title='bbox 1033 3313 1180 3368; x_wconf 88' lang='lat' dir='ltr'>formamm</span> <span class='ocrx_word' id='word_1_544' title='bbox 1210 3322 1239 3366; x_wconf 94' lang='lat' dir='ltr'>ut</span> <span class='ocrx_word' id='word_1_545' title='bbox 1255 3311 1355 3366; x_wconf 89' lang='lat' dir='ltr'>faciant</span> <span class='ocrx_word' id='word_1_546' title='bbox 1380 3329 1462 3380; x_wconf 86' lang='lat' dir='ltr'>esse;</span> <span class='ocrx_word' id='word_1_547' title='bbox 1496 3314 1600 3371; x_wconf 88' lang='lat' dir='ltr'>faciunt</span> <span class='ocrx_word' id='word_1_548' title='bbox 1620 3323 1723 3387; x_wconf 89' lang='lat' dir='ltr'>tumen,</span> 
     </span>
     <span class='ocr_line' id='line_1_80' title="bbox 916 3405 1725 3475; baseline 0.004 -13"><span class='ocrx_word' id='word_1_549' title='bbox 916 3405 964 3462; x_wconf 89' lang='lat' dir='ltr'>sed</span> <span class='ocrx_word' id='word_1_550' title='bbox 989 3405 1201 3475; x_wconf 86' lang='lat' dir='ltr'>consequentia,</span> <span class='ocrx_word' id='word_1_551' title='bbox 1226 3419 1281 3460; x_wconf 93' lang='lat' dir='ltr'>uon</span> <span class='ocrx_word' id='word_1_552' title='bbox 1297 3413 1411 3471; x_wconf 90' lang='lat' dir='ltr'>natura‚·</span> <span class='ocrx_word' id='word_1_553' title='bbox 1428 3413 1470 3461; x_wconf 89' lang='lat' dir='ltr'>est</span> <span class='ocrx_word' id='word_1_554' title='bbox 1496 3415 1586 3463; x_wconf 88' lang='lat' dir='ltr'>autem</span> <span class='ocrx_word' id='word_1_555' title='bbox 1603 3411 1725 3466; x_wconf 88' lang='lat' dir='ltr'>essentia</span> 
     </span>
     <span class='ocr_line' id='line_1_81' title="bbox 917 3499 1725 3575; baseline 0.007 -21"><span class='ocrx_word' id='word_1_556' title='bbox 917 3499 1034 3571; x_wconf 94' lang='lat' dir='ltr'>primum</span> <span class='ocrx_word' id='word_1_557' title='bbox 1052 3499 1079 3553; x_wconf 89' lang='lat' dir='ltr'>iu</span> <span class='ocrx_word' id='word_1_558' title='bbox 1098 3499 1195 3570; x_wconf 91' lang='lat' dir='ltr'>primis</span> <span class='ocrx_word' id='word_1_559' title='bbox 1207 3499 1368 3572; x_wconf 82' lang='lat' dir='ltr'>generibus,</span> <span class='ocrx_word' id='word_1_560' title='bbox 1386 3507 1416 3554; x_wconf 90' lang='lat' dir='ltr'>ut</span> <span class='ocrx_word' id='word_1_561' title='bbox 1430 3501 1519 3571; x_wconf 91' lang='lat' dir='ltr'>prima</span> <span class='ocrx_word' id='word_1_562' title='bbox 1531 3518 1634 3575; x_wconf 81' lang='lat' dir='ltr'>genera</span> <span class='ocrx_word' id='word_1_563' title='bbox 1652 3506 1725 3575; x_wconf 86' lang='lat' dir='ltr'>prin-</span> 
     </span>
     <span class='ocr_line' id='line_1_82' title="bbox 917 3591 1726 3663; baseline 0.007 -17"><span class='ocrx_word' id='word_1_564' title='bbox 917 3591 1042 3662; x_wconf 86' lang='lat' dir='ltr'>cipaliter</span> <span class='ocrx_word' id='word_1_565' title='bbox 1054 3591 1120 3657; x_wconf 89' lang='lat' dir='ltr'>sint,</span> <span class='ocrx_word' id='word_1_566' title='bbox 1136 3597 1167 3645; x_wconf 89' lang='lat' dir='ltr'>ut</span> <span class='ocrx_word' id='word_1_567' title='bbox 1177 3606 1226 3661; x_wconf 89' lang='lat' dir='ltr'>per</span> <span class='ocrx_word' id='word_1_568' title='bbox 1238 3591 1386 3646; x_wconf 89' lang='lat' dir='ltr'>essentiam</span> <span class='ocrx_word' id='word_1_569' title='bbox 1399 3591 1488 3663; x_wconf 90' lang='lat' dir='ltr'>primo</span> <span class='ocrx_word' id='word_1_570' title='bbox 1498 3593 1560 3649; x_wconf 92' lang='lat' dir='ltr'>loco</span> <span class='ocrx_word' id='word_1_571' title='bbox 1573 3594 1726 3652; x_wconf 76' lang='lat' dir='ltr'>formentur</span> 
     </span>
     <span class='ocr_line' id='line_1_83' title="bbox 916 3678 1723 3757; baseline 0.006 -22"><span class='ocrx_word' id='word_1_572' title='bbox 916 3681 950 3735; x_wconf 90' lang='lat' dir='ltr'>ad</span> <span class='ocrx_word' id='word_1_573' title='bbox 970 3695 1041 3747; x_wconf 88' lang='lat' dir='ltr'>esse,</span> <span class='ocrx_word' id='word_1_574' title='bbox 1066 3679 1131 3734; x_wconf 91' lang='lat' dir='ltr'>inde</span> <span class='ocrx_word' id='word_1_575' title='bbox 1152 3679 1254 3735; x_wconf 85' lang='lat' dir='ltr'>liabent</span> <span class='ocrx_word' id='word_1_576' title='bbox 1273 3678 1405 3734; x_wconf 89' lang='lat' dir='ltr'>inferiora</span> <span class='ocrx_word' id='word_1_577' title='bbox 1422 3696 1472 3751; x_wconf 90' lang='lat' dir='ltr'>per</span> <span class='ocrx_word' id='word_1_578' title='bbox 1490 3680 1592 3738; x_wconf 87' lang='lat' dir='ltr'>formas</span> <span class='ocrx_word' id='word_1_579' title='bbox 1620 3684 1723 3757; x_wconf 89' lang='lat' dir='ltr'>aliquid</span> 
     </span>
     <span class='ocr_line' id='line_1_84' title="bbox 917 3769 1726 3843; baseline 0 -17"><span class='ocrx_word' id='word_1_580' title='bbox 917 3786 978 3826; x_wconf 89' lang='lat' dir='ltr'>esse</span> <span class='ocrx_word' id='word_1_581' title='bbox 1002 3777 1032 3826; x_wconf 88' lang='lat' dir='ltr'>ut</span> <span class='ocrx_word' id='word_1_582' title='bbox 1047 3786 1147 3842; x_wconf 89' lang='lat' dir='ltr'>corpus</span> <span class='ocrx_word' id='word_1_583' title='bbox 1167 3769 1251 3824; x_wconf 89' lang='lat' dir='ltr'>babet</span> <span class='ocrx_word' id='word_1_584' title='bbox 1274 3769 1455 3824; x_wconf 87' lang='lat' dir='ltr'>substantiam</span> <span class='ocrx_word' id='word_1_585' title='bbox 1473 3784 1533 3825; x_wconf 91' lang='lat' dir='ltr'>esse</span> <span class='ocrx_word' id='word_1_586' title='bbox 1554 3788 1603 3842; x_wconf 89' lang='lat' dir='ltr'>per</span> <span class='ocrx_word' id='word_1_587' title='bbox 1629 3786 1726 3843; x_wconf 90' lang='lat' dir='ltr'>corpo·</span> 
     </span>
     <span class='ocr_line' id='line_1_85' title="bbox 919 3857 1723 3932; baseline 0.001 -18"><span class='ocrx_word' id='word_1_588' title='bbox 919 3875 994 3914; x_wconf 89' lang='lat' dir='ltr'>ream</span> <span class='ocrx_word' id='word_1_589' title='bbox 1024 3859 1147 3915; x_wconf 66' lang='lat' dir='ltr'>formam.</span> <span class='ocrx_word' id='word_1_590' title='bbox 1195 3858 1264 3914; x_wconf 89' lang='lat' dir='ltr'>Sunt</span> <span class='ocrx_word' id='word_1_591' title='bbox 1283 3857 1367 3932; x_wconf 84' lang='lat' dir='ltr'>igitur</span> <span class='ocrx_word' id='word_1_592' title='bbox 1393 3857 1488 3914; x_wconf 82' lang='lat' dir='ltr'>formae</span> <span class='ocrx_word' id='word_1_593' title='bbox 1515 3875 1604 3915; x_wconf 84' lang='lat' dir='ltr'>causae</span> <span class='ocrx_word' id='word_1_594' title='bbox 1632 3876 1723 3915; x_wconf 89' lang='lat' dir='ltr'>rerum</span> 
     </span>
     <span class='ocr_line' id='line_1_86' title="bbox 921 3948 1725 4013; baseline -0.001 -6"><span class='ocrx_word' id='word_1_595' title='bbox 921 3951 1055 4013; x_wconf 93' lang='lat' dir='ltr'>omnium,</span> <span class='ocrx_word' id='word_1_596' title='bbox 1073 3966 1135 4004; x_wconf 89' lang='lat' dir='ltr'>nam</span> <span class='ocrx_word' id='word_1_597' title='bbox 1147 3956 1253 4006; x_wconf 82' lang='lat' dir='ltr'>eteterae</span> <span class='ocrx_word' id='word_1_598' title='bbox 1266 3948 1360 4005; x_wconf 89' lang='lat' dir='ltr'>formae</span> <span class='ocrx_word' id='word_1_599' title='bbox 1374 3965 1472 4005; x_wconf 89' lang='lat' dir='ltr'>omnes</span> <span class='ocrx_word' id='word_1_600' title='bbox 1486 3966 1568 4006; x_wconf 86' lang='lat' dir='ltr'>causa</span> <span class='ocrx_word' id='word_1_601' title='bbox 1582 3957 1646 4006; x_wconf 70' lang='lat' dir='ltr'>seint</span> <span class='ocrx_word' id='word_1_602' title='bbox 1667 3952 1725 4006; x_wconf 90' lang='lat' dir='ltr'>suis</span> 
     </span>
     <span class='ocr_line' id='line_1_87' title="bbox 916 4042 1725 4114; baseline 0.001 -16"><span class='ocrx_word' id='word_1_603' title='bbox 916 4043 1010 4110; x_wconf 90' lang='lat' dir='ltr'>rebus,</span> <span class='ocrx_word' id='word_1_604' title='bbox 1044 4051 1074 4099; x_wconf 91' lang='lat' dir='ltr'>ut</span> <span class='ocrx_word' id='word_1_605' title='bbox 1098 4042 1203 4114; x_wconf 88' lang='lat' dir='ltr'>aliquid</span> <span class='ocrx_word' id='word_1_606' title='bbox 1232 4042 1303 4108; x_wconf 87' lang='lat' dir='ltr'>siut;</span> <span class='ocrx_word' id='word_1_607' title='bbox 1332 4043 1455 4098; x_wconf 87' lang='lat' dir='ltr'>essentia</span> <span class='ocrx_word' id='word_1_608' title='bbox 1473 4058 1549 4108; x_wconf 88' lang='lat' dir='ltr'>vero,</span> <span class='ocrx_word' id='word_1_609' title='bbox 1573 4059 1654 4100; x_wconf 89' lang='lat' dir='ltr'>eausa</span> <span class='ocrx_word' id='word_1_610' title='bbox 1683 4056 1725 4099; x_wconf 90' lang='lat' dir='ltr'>est</span> 
     </span>
     <span class='ocr_line' id='line_1_88' title="bbox 916 4131 1722 4189; baseline -0.004 -1"><span class='ocrx_word' id='word_1_611' title='bbox 916 4132 1047 4189; x_wconf 91' lang='lat' dir='ltr'>omnibus</span> <span class='ocrx_word' id='word_1_612' title='bbox 1070 4140 1101 4187; x_wconf 91' lang='lat' dir='ltr'>ut</span> <span class='ocrx_word' id='word_1_613' title='bbox 1126 4133 1183 4187; x_wconf 90' lang='lat' dir='ltr'>sint</span> <span class='ocrx_word' id='word_1_614' title='bbox 1224 4132 1255 4185; x_wconf 85' lang='lat' dir='ltr'>Et</span> <span class='ocrx_word' id='word_1_615' title='bbox 1275 4131 1400 4186; x_wconf 84' lang='lat' dir='ltr'>materiae</span> <span class='ocrx_word' id='word_1_616' title='bbox 1427 4138 1525 4186; x_wconf 91' lang='lat' dir='ltr'>natura</span> <span class='ocrx_word' id='word_1_617' title='bbox 1548 4131 1722 4186; x_wconf 86' lang='lat' dir='ltr'>substantiali</span> 
     </span>
     <span class='ocr_line' id='line_1_89' title="bbox 915 4218 1722 4294; baseline -0.002 -18"><span class='ocrx_word' id='word_1_618' title='bbox 915 4222 1023 4294; x_wconf 89' lang='lat' dir='ltr'>priores</span> <span class='ocrx_word' id='word_1_619' title='bbox 1037 4230 1100 4276; x_wconf 90' lang='lat' dir='ltr'>sunt</span> <span class='ocrx_word' id='word_1_620' title='bbox 1111 4219 1219 4286; x_wconf 88' lang='lat' dir='ltr'>formis,</span> <span class='ocrx_word' id='word_1_621' title='bbox 1235 4218 1330 4274; x_wconf 87' lang='lat' dir='ltr'>lormae</span> <span class='ocrx_word' id='word_1_622' title='bbox 1345 4233 1411 4275; x_wconf 87' lang='lat' dir='ltr'>vero</span> <span class='ocrx_word' id='word_1_623' title='bbox 1424 4218 1446 4272; x_wconf 91' lang='lat' dir='ltr'>si</span> <span class='ocrx_word' id='word_1_624' title='bbox 1457 4218 1589 4290; x_wconf 86' lang='lat' dir='ltr'>respicias</span> <span class='ocrx_word' id='word_1_625' title='bbox 1603 4219 1638 4273; x_wconf 91' lang='lat' dir='ltr'>ad</span> <span class='ocrx_word' id='word_1_626' title='bbox 1649 4235 1722 4286; x_wconf 88' lang='lat' dir='ltr'>esse,</span> 
     </span>
    </p>
   </div>
   <div class='ocr_carea' id='block_1_19' title="bbox 56 4307 1723 4402">
    <p class='ocr_par' dir='ltr' id='par_1_23' title="bbox 56 4307 1723 4402">
     <span class='ocr_line' id='line_1_90' title="bbox 56 4307 1723 4402; baseline -0.002 -24"><span class='ocrx_word' id='word_1_627' title='bbox 56 4330 167 4378; x_wconf 90' lang='lat' dir='ltr'>atomus</span> <span class='ocrx_word' id='word_1_628' title='bbox 187 4323 300 4395; x_wconf 89' lang='lat' dir='ltr'>quidem</span> <span class='ocrx_word' id='word_1_629' title='bbox 318 4323 497 4395; x_wconf 90' lang='lat' dir='ltr'>aliquomodo</span> <span class='ocrx_word' id='word_1_630' title='bbox 511 4322 682 4392; x_wconf 87' lang='lat' dir='ltr'>substantia;</span> <span class='ocrx_word' id='word_1_631' title='bbox 700 4335 799 4382; x_wconf 83' lang='lat' dir='ltr'>caetera</span> <span class='ocrx_word' id='word_1_632' title='bbox 817 4344 863 4383; x_wconf 82' lang='lat' dir='ltr'>ve·</span> <span class='ocrx_word' id='word_1_633' title='bbox 876 4333 907 4402; x_wconf 80' lang='grc' dir='ltr'>Ι)</span> <span class='ocrx_word' id='word_1_634' title='bbox 918 4311 1042 4367; x_wconf 56' lang='lat' dir='ltr'>mitellis</span> <span class='ocrx_word' id='word_1_635' title='bbox 1060 4311 1245 4381; x_wconf 65' lang='lat' dir='ltr'>Pli⁰l⁰⁸³¹¹¹¹b</span> <span class='ocrx_word' id='word_1_636' title='bbox 1266 4308 1339 4379; x_wconf 72' lang='lat' dir='ltr'>&lt;l1¹⁰d</span> <span class='ocrx_word' id='word_1_637' title='bbox 1355 4323 1403 4363; x_wconf 71' lang='lat'>0²¹³</span> <span class='ocrx_word' id='word_1_638' title='bbox 1423 4307 1723 4375; x_wconf 61' lang='lat' dir='ltr'>⁰⁵⁸0f³05110bm1¹¹l³⁸</span> 
     </span>
    </p>
   </div>
   <div class='ocr_carea' id='block_1_20' title="bbox 53 4415 864 5223">
    <p class='ocr_par' dir='ltr' id='par_1_24' title="bbox 53 4415 864 5223">
     <span class='ocr_line' id='line_1_91' title="bbox 56 4415 864 4487; baseline 0.006 -18"><span class='ocrx_word' id='word_1_639' title='bbox 56 4430 86 4471; x_wconf 94' lang='lat' dir='ltr'>ro</span> <span class='ocrx_word' id='word_1_640' title='bbox 113 4415 318 4487; x_wconf 88' lang='lat' dir='ltr'>quodammodo</span> <span class='ocrx_word' id='word_1_641' title='bbox 343 4416 493 4486; x_wconf 88' lang='lat' dir='ltr'>quantitas,</span> <span class='ocrx_word' id='word_1_642' title='bbox 524 4415 575 4471; x_wconf 88' lang='lat' dir='ltr'>ltos</span> <span class='ocrx_word' id='word_1_643' title='bbox 606 4417 801 4487; x_wconf 79' lang='lat' dir='ltr'>gmmmaticus</span> <span class='ocrx_word' id='word_1_644' title='bbox 823 4419 864 4474; x_wconf 92' lang='lat' dir='ltr'>iu-</span> 
     </span>
     <span class='ocr_line' id='line_1_92' title="bbox 53 4506 862 4582; baseline 0.005 -22"><span class='ocrx_word' id='word_1_645' title='bbox 53 4507 146 4578; x_wconf 87' lang='lat' dir='ltr'>spicit‚</span> <span class='ocrx_word' id='word_1_646' title='bbox 167 4507 214 4579; x_wconf 88' lang='lat' dir='ltr'>qui</span> <span class='ocrx_word' id='word_1_647' title='bbox 232 4515 362 4579; x_wconf 90' lang='lat' dir='ltr'>tanquam</span> <span class='ocrx_word' id='word_1_648' title='bbox 387 4506 492 4578; x_wconf 84' lang='lat' dir='ltr'>plurale</span> <span class='ocrx_word' id='word_1_649' title='bbox 518 4507 686 4582; x_wconf 82' lang='lat' dir='ltr'>singularem</span> <span class='ocrx_word' id='word_1_650' title='bbox 716 4524 862 4565; x_wconf 91' lang='lat' dir='ltr'>numerum</span> 
     </span>
     <span class='ocr_line' id='line_1_93' title="bbox 58 4599 863 4672; baseline 0.005 -20"><span class='ocrx_word' id='word_1_651' title='bbox 58 4599 136 4655; x_wconf 89' lang='lat' dir='ltr'>dicit.</span> <span class='ocrx_word' id='word_1_652' title='bbox 152 4599 223 4655; x_wconf 84' lang='lat' dir='ltr'>llicit</span> <span class='ocrx_word' id='word_1_653' title='bbox 236 4606 264 4654; x_wconf 92' lang='lat' dir='ltr'>et</span> <span class='ocrx_word' id='word_1_654' title='bbox 279 4615 346 4655; x_wconf 88' lang='lat' dir='ltr'>usus</span> <span class='ocrx_word' id='word_1_655' title='bbox 361 4599 519 4655; x_wconf 90' lang='lat' dir='ltr'>communis</span> <span class='ocrx_word' id='word_1_656' title='bbox 532 4615 656 4670; x_wconf 80' lang='lat' dir='ltr'>praesens</span> <span class='ocrx_word' id='word_1_657' title='bbox 668 4606 787 4670; x_wconf 84' lang='lat' dir='ltr'>tempus,</span> <span class='ocrx_word' id='word_1_658' title='bbox 799 4618 863 4672; x_wconf 87' lang='lat' dir='ltr'>par-</span> 
     </span>
     <span class='ocr_line' id='line_1_94' title="bbox 54 4687 859 4761; baseline 0.004 -19"><span class='ocrx_word' id='word_1_659' title='bbox 54 4688 165 4743; x_wconf 88' lang='lat' dir='ltr'>ticulam</span> <span class='ocrx_word' id='word_1_660' title='bbox 180 4687 323 4759; x_wconf 89' lang='lat' dir='ltr'>temporis,</span> <span class='ocrx_word' id='word_1_661' title='bbox 339 4688 468 4761; x_wconf 89' lang='lat' dir='ltr'>adquam</span> <span class='ocrx_word' id='word_1_662' title='bbox 484 4688 560 4745; x_wconf 82' lang='lat' dir='ltr'>velut</span> <span class='ocrx_word' id='word_1_663' title='bbox 575 4703 750 4745; x_wconf 90' lang='lat' dir='ltr'>communem</span> <span class='ocrx_word' id='word_1_664' title='bbox 766 4690 859 4745; x_wconf 90' lang='lat' dir='ltr'>termi·</span> 
     </span>
     <span class='ocr_line' id='line_1_95' title="bbox 56 4780 861 4863; baseline 0.004 -29"><span class='ocrx_word' id='word_1_665' title='bbox 56 4796 132 4847; x_wconf 92' lang='lat' dir='ltr'>num,</span> <span class='ocrx_word' id='word_1_666' title='bbox 156 4781 324 4850; x_wconf 70' lang='lat' dir='ltr'>praeteritum</span> <span class='ocrx_word' id='word_1_667' title='bbox 341 4781 487 4863; x_wconf 85' lang='lat' dir='ltr'>copulatur</span> <span class='ocrx_word' id='word_1_668' title='bbox 502 4789 529 4837; x_wconf 92' lang='lat' dir='ltr'>et</span> <span class='ocrx_word' id='word_1_669' title='bbox 554 4780 685 4837; x_wconf 90' lang='lat' dir='ltr'>futurum.</span> <span class='ocrx_word' id='word_1_670' title='bbox 701 4782 732 4837; x_wconf 80' lang='lat' dir='ltr'>dt</span> <span class='ocrx_word' id='word_1_671' title='bbox 746 4782 861 4839; x_wconf 90' lang='lat' dir='ltr'>siculti·</span> 
     </span>
     <span class='ocr_line' id='line_1_96' title="bbox 55 4871 860 4948; baseline 0.006 -23"><span class='ocrx_word' id='word_1_672' title='bbox 55 4886 99 4925; x_wconf 90' lang='lat' dir='ltr'>ma</span> <span class='ocrx_word' id='word_1_673' title='bbox 114 4871 251 4943; x_wconf 83' lang='lat' dir='ltr'>principia</span> <span class='ocrx_word' id='word_1_674' title='bbox 262 4872 357 4927; x_wconf 85' lang='lat' dir='ltr'>reterri</span> <span class='ocrx_word' id='word_1_675' title='bbox 374 4880 491 4944; x_wconf 89' lang='lat' dir='ltr'>possunt</span> <span class='ocrx_word' id='word_1_676' title='bbox 505 4874 539 4928; x_wconf 92' lang='lat' dir='ltr'>ad</span> <span class='ocrx_word' id='word_1_677' title='bbox 555 4873 654 4944; x_wconf 88' lang='lat' dir='ltr'>prima,</span> <span class='ocrx_word' id='word_1_678' title='bbox 667 4881 796 4946; x_wconf 86' lang='lat' dir='ltr'>tanquam</span> <span class='ocrx_word' id='word_1_679' title='bbox 812 4890 860 4948; x_wconf 82' lang='lat' dir='ltr'>ge·</span> 
     </span>
     <span class='ocr_line' id='line_1_97' title="bbox 56 4964 859 5040; baseline 0.009 -21"><span class='ocrx_word' id='word_1_680' title='bbox 56 4964 170 5021; x_wconf 87' lang='lat' dir='ltr'>neribus</span> <span class='ocrx_word' id='word_1_681' title='bbox 185 4967 252 5038; x_wconf 90' lang='lat' dir='ltr'>ipsis</span> <span class='ocrx_word' id='word_1_682' title='bbox 265 4968 420 5038; x_wconf 87' lang='lat' dir='ltr'>supposita,</span> <span class='ocrx_word' id='word_1_683' title='bbox 436 4975 462 5024; x_wconf 89' lang='lat' dir='ltr'>et</span> <span class='ocrx_word' id='word_1_684' title='bbox 478 4983 574 5025; x_wconf 87' lang='lat' dir='ltr'>eorum</span> <span class='ocrx_word' id='word_1_685' title='bbox 595 4969 819 5040; x_wconf 77' lang='lat' dir='ltr'>predicationem</span> <span class='ocrx_word' id='word_1_686' title='bbox 831 4970 859 5026; x_wconf 92' lang='lat' dir='ltr'>iu</span> 
     </span>
     <span class='ocr_line' id='line_1_98' title="bbox 54 5059 289 5130; baseline 0.013 -18"><span class='ocrx_word' id='word_1_687' title='bbox 54 5073 85 5113; x_wconf 89' lang='lat' dir='ltr'>se</span> <span class='ocrx_word' id='word_1_688' title='bbox 99 5059 289 5130; x_wconf 87' lang='lat' dir='ltr'>suscipientia.</span> 
     </span>
     <span class='ocr_line' id='line_1_99' title="bbox 386 5156 531 5223; baseline -0.007 -15"><span class='ocrx_word' id='word_1_689' title='bbox 386 5156 531 5223; x_wconf 65' lang='lat' dir='ltr'>balpare.</span> 
     </span>
    </p>
   </div>
   <div class='ocr_carea' id='block_1_21' title="bbox 54 5260 866 5700">
    <p class='ocr_par' dir='ltr' id='par_1_25' title="bbox 54 5260 866 5700">
     <span class='ocr_line' id='line_1_100' title="bbox 90 5260 861 5344; baseline 0.009 -27"><span class='ocrx_word' id='word_1_690' title='bbox 90 5260 183 5319; x_wconf 86' lang='lat' dir='ltr'>Potest</span> <span class='ocrx_word' id='word_1_691' title='bbox 197 5278 307 5338; x_wconf 77' lang='lat' dir='ltr'>ergoet</span> <span class='ocrx_word' id='word_1_692' title='bbox 323 5266 546 5338; x_wconf 77' lang='lat' dir='ltr'>precedentibus</span> <span class='ocrx_word' id='word_1_693' title='bbox 560 5266 663 5343; x_wconf 78' lang='lat' dir='ltr'>colligi,</span> <span class='ocrx_word' id='word_1_694' title='bbox 675 5264 789 5344; x_wconf 75' lang='lat' dir='ltr'>liguram</span> <span class='ocrx_word' id='word_1_695' title='bbox 800 5285 861 5326; x_wconf 91' lang='lat' dir='ltr'>cor-</span> 
     </span>
     <span class='ocr_line' id='line_1_101' title="bbox 54 5351 862 5430; baseline 0.01 -23"><span class='ocrx_word' id='word_1_696' title='bbox 54 5351 189 5424; x_wconf 88' lang='lat' dir='ltr'>poralium</span> <span class='ocrx_word' id='word_1_697' title='bbox 205 5354 328 5410; x_wconf 90' lang='lat' dir='ltr'>omnium</span> <span class='ocrx_word' id='word_1_698' title='bbox 340 5371 451 5412; x_wconf 88' lang='lat' dir='ltr'>causam</span> <span class='ocrx_word' id='word_1_699' title='bbox 467 5354 542 5422; x_wconf 84' lang='lat' dir='ltr'>freri;</span> <span class='ocrx_word' id='word_1_700' title='bbox 558 5372 620 5412; x_wconf 87' lang='lat' dir='ltr'>uam</span> <span class='ocrx_word' id='word_1_701' title='bbox 635 5357 694 5412; x_wconf 88' lang='lat' dir='ltr'>siue</span> <span class='ocrx_word' id='word_1_702' title='bbox 707 5355 795 5430; x_wconf 75' lang='lat' dir='ltr'>ligura</span> <span class='ocrx_word' id='word_1_703' title='bbox 809 5373 862 5415; x_wconf 91' lang='lat' dir='ltr'>uec</span> 
     </span>
     <span class='ocr_line' id='line_1_102' title="bbox 56 5444 866 5523; baseline 0.011 -24"><span class='ocrx_word' id='word_1_704' title='bbox 56 5444 188 5500; x_wconf 88' lang='lat' dir='ltr'>materies</span> <span class='ocrx_word' id='word_1_705' title='bbox 203 5445 264 5516; x_wconf 89' lang='lat' dir='ltr'>ipsa</span> <span class='ocrx_word' id='word_1_706' title='bbox 283 5452 375 5518; x_wconf 88' lang='lat' dir='ltr'>potest</span> <span class='ocrx_word' id='word_1_707' title='bbox 391 5463 463 5516; x_wconf 87' lang='lat' dir='ltr'>esse,</span> <span class='ocrx_word' id='word_1_708' title='bbox 480 5447 713 5522; x_wconf 88' lang='lat' dir='ltr'>necullaspecies</span> <span class='ocrx_word' id='word_1_709' title='bbox 724 5448 750 5503; x_wconf 92' lang='lat' dir='ltr'>in</span> <span class='ocrx_word' id='word_1_710' title='bbox 766 5464 866 5523; x_wconf 90' lang='lat' dir='ltr'>corpo·</span> 
     </span>
     <span class='ocr_line' id='line_1_103' title="bbox 56 5533 864 5608; baseline 0.007 -19"><span class='ocrx_word' id='word_1_711' title='bbox 56 5533 135 5590; x_wconf 88' lang='lat' dir='ltr'>ribus</span> <span class='ocrx_word' id='word_1_712' title='bbox 155 5534 189 5591; x_wconf 92' lang='lat' dir='ltr'>do</span> <span class='ocrx_word' id='word_1_713' title='bbox 205 5533 357 5591; x_wconf 87' lang='lat' dir='ltr'>individuis</span> <span class='ocrx_word' id='word_1_714' title='bbox 370 5534 527 5608; x_wconf 76' lang='lat' dir='ltr'>predicari,</span> <span class='ocrx_word' id='word_1_715' title='bbox 549 5554 601 5594; x_wconf 89' lang='lat' dir='ltr'>nec</span> <span class='ocrx_word' id='word_1_716' title='bbox 619 5537 762 5594; x_wconf 88' lang='lat' dir='ltr'>materiale</span> <span class='ocrx_word' id='word_1_717' title='bbox 778 5544 864 5595; x_wconf 90' lang='lat' dir='ltr'>totum</span> 
     </span>
     <span class='ocr_line' id='line_1_104' title="bbox 57 5624 864 5700; baseline 0.004 -20"><span class='ocrx_word' id='word_1_718' title='bbox 57 5639 130 5694; x_wconf 89' lang='lat' dir='ltr'>esse,</span> <span class='ocrx_word' id='word_1_719' title='bbox 145 5624 189 5683; x_wconf 87' lang='lat' dir='ltr'>vel</span> <span class='ocrx_word' id='word_1_720' title='bbox 205 5626 346 5699; x_wconf 89' lang='lat' dir='ltr'>componi,</span> <span class='ocrx_word' id='word_1_721' title='bbox 362 5628 514 5700; x_wconf 89' lang='lat' dir='ltr'>corporalis</span> <span class='ocrx_word' id='word_1_722' title='bbox 537 5629 612 5685; x_wconf 90' lang='lat' dir='ltr'>euim</span> <span class='ocrx_word' id='word_1_723' title='bbox 628 5629 757 5686; x_wconf 90' lang='lat' dir='ltr'>materies</span> <span class='ocrx_word' id='word_1_724' title='bbox 772 5637 864 5685; x_wconf 85' lang='lat' dir='ltr'>mente</span> 
     </span>
    </p>
   </div>
   <div class='ocr_carea' id='block_1_22' title="bbox 235 5747 506 5816">
    <p class='ocr_par' dir='ltr' id='par_1_26' title="bbox 235 5747 506 5816">
     <span class='ocr_line' id='line_1_105' title="bbox 235 5747 506 5816; baseline 0 -6"><span class='ocrx_word' id='word_1_725' title='bbox 235 5747 386 5813; x_wconf 82' lang='lat' dir='ltr'>Parnon.</span> <span class='ocrx_word' id='word_1_726' title='bbox 407 5747 506 5816; x_wconf 80' lang='lat' dir='ltr'>CLX.</span> 
     </span>
    </p>
   </div>
   <div class='ocr_carea' id='block_1_23' title="bbox 913 4401 1721 4479">
    <p class='ocr_par' dir='ltr' id='par_1_27' title="bbox 913 4401 1721 4479">
     <span class='ocr_line' id='line_1_106' title="bbox 913 4401 1721 4479; baseline -0.005 -18"><span class='ocrx_word' id='word_1_727' title='bbox 913 4405 1103 4479; x_wconf 74' lang='lat' dir='ltr'>digressiones</span> <span class='ocrx_word' id='word_1_728' title='bbox 1118 4403 1244 4471; x_wconf 88' lang='lat' dir='ltr'>facimus,</span> <span class='ocrx_word' id='word_1_729' title='bbox 1261 4409 1289 4457; x_wconf 89' lang='lat' dir='ltr'>et</span> <span class='ocrx_word' id='word_1_730' title='bbox 1309 4401 1408 4475; x_wconf 74' lang='lat' dir='ltr'>longas</span> <span class='ocrx_word' id='word_1_731' title='bbox 1438 4402 1465 4457; x_wconf 94' lang='lat' dir='ltr'>in</span> <span class='ocrx_word' id='word_1_732' title='bbox 1494 4401 1546 4457; x_wconf 88' lang='lat' dir='ltr'>boe</span> <span class='ocrx_word' id='word_1_733' title='bbox 1563 4417 1656 4474; x_wconf 92' lang='lat' dir='ltr'>opere.</span> <span class='ocrx_word' id='word_1_734' title='bbox 1682 4402 1721 4457; x_wconf 81' lang='lat' dir='ltr'>dd</span> 
     </span>
    </p>
   </div>
   <div class='ocr_carea' id='block_1_24' title="bbox 911 4492 1722 5017">
    <p class='ocr_par' dir='ltr' id='par_1_28' title="bbox 911 4492 1722 5017">
     <span class='ocr_line' id='line_1_107' title="bbox 914 4492 1722 4571; baseline -0.004 -17"><span class='ocrx_word' id='word_1_735' title='bbox 914 4499 1014 4555; x_wconf 88' lang='lat' dir='ltr'>multas</span> <span class='ocrx_word' id='word_1_736' title='bbox 1041 4512 1097 4553; x_wconf 94' lang='lat' dir='ltr'>uon</span> <span class='ocrx_word' id='word_1_737' title='bbox 1131 4497 1205 4571; x_wconf 81' lang='lat' dir='ltr'>cogit</span> <span class='ocrx_word' id='word_1_738' title='bbox 1230 4494 1435 4566; x_wconf 89' lang='lat' dir='ltr'>propositorum</span> <span class='ocrx_word' id='word_1_739' title='bbox 1466 4492 1626 4562; x_wconf 86' lang='lat' dir='ltr'>difficultas,</span> <span class='ocrx_word' id='word_1_740' title='bbox 1660 4512 1722 4567; x_wconf 84' lang='lat' dir='ltr'>quae</span> 
     </span>
     <span class='ocr_line' id='line_1_108' title="bbox 913 4581 1720 4660; baseline -0.004 -17"><span class='ocrx_word' id='word_1_741' title='bbox 913 4587 1084 4660; x_wconf 70' lang='lat' dir='ltr'>quaestiones</span> <span class='ocrx_word' id='word_1_742' title='bbox 1095 4583 1273 4639; x_wconf 88' lang='lat' dir='ltr'>multimodas</span> <span class='ocrx_word' id='word_1_743' title='bbox 1283 4589 1406 4656; x_wconf 84' lang='lat' dir='ltr'>generat.</span> <span class='ocrx_word' id='word_1_744' title='bbox 1423 4581 1488 4645; x_wconf 79' lang='lat' dir='ltr'>Quae</span> <span class='ocrx_word' id='word_1_745' title='bbox 1503 4581 1642 4638; x_wconf 80' lang='lat' dir='ltr'>solvenda</span> <span class='ocrx_word' id='word_1_746' title='bbox 1657 4594 1720 4640; x_wconf 91' lang='lat' dir='ltr'>sunt</span> 
     </span>
     <span class='ocr_line' id='line_1_109' title="bbox 912 4670 1721 4746; baseline -0.005 -14"><span class='ocrx_word' id='word_1_747' title='bbox 912 4676 1047 4742; x_wconf 89' lang='lat' dir='ltr'>claritate,</span> <span class='ocrx_word' id='word_1_748' title='bbox 1063 4690 1099 4729; x_wconf 87' lang='lat' dir='ltr'>ne</span> <span class='ocrx_word' id='word_1_749' title='bbox 1113 4688 1174 4746; x_wconf 84' lang='lat' dir='ltr'>quae</span> <span class='ocrx_word' id='word_1_750' title='bbox 1185 4671 1326 4744; x_wconf 90' lang='lat' dir='ltr'>proposita</span> <span class='ocrx_word' id='word_1_751' title='bbox 1340 4681 1405 4726; x_wconf 87' lang='lat' dir='ltr'>suut</span> <span class='ocrx_word' id='word_1_752' title='bbox 1425 4678 1556 4726; x_wconf 90' lang='lat' dir='ltr'>maneant</span> <span class='ocrx_word' id='word_1_753' title='bbox 1574 4671 1602 4726; x_wconf 94' lang='lat' dir='ltr'>iu</span> <span class='ocrx_word' id='word_1_754' title='bbox 1618 4670 1721 4728; x_wconf 88' lang='lat' dir='ltr'>obscu-</span> 
     </span>
     <span class='ocr_line' id='line_1_110' title="bbox 912 4759 1720 4836; baseline -0.004 -18"><span class='ocrx_word' id='word_1_755' title='bbox 912 4764 1002 4819; x_wconf 87' lang='lat' dir='ltr'>ritate.</span> <span class='ocrx_word' id='word_1_756' title='bbox 1022 4762 1061 4816; x_wconf 84' lang='lat' dir='ltr'>ad</span> <span class='ocrx_word' id='word_1_757' title='bbox 1084 4761 1181 4836; x_wconf 75' lang='lat' dir='ltr'>longas</span> <span class='ocrx_word' id='word_1_758' title='bbox 1196 4775 1261 4816; x_wconf 88' lang='lat' dir='ltr'>vero</span> <span class='ocrx_word' id='word_1_759' title='bbox 1283 4775 1335 4815; x_wconf 87' lang='lat' dir='ltr'>uos</span> <span class='ocrx_word' id='word_1_760' title='bbox 1355 4759 1473 4831; x_wconf 91' lang='lat' dir='ltr'>impellit</span> <span class='ocrx_word' id='word_1_761' title='bbox 1487 4759 1625 4815; x_wconf 88' lang='lat' dir='ltr'>subtilitas</span> <span class='ocrx_word' id='word_1_762' title='bbox 1643 4777 1720 4833; x_wconf 87' lang='lat' dir='ltr'>qum-</span> 
     </span>
     <span class='ocr_line' id='line_1_111' title="bbox 912 4851 1720 4927; baseline -0.002 -16"><span class='ocrx_word' id='word_1_763' title='bbox 912 4856 1044 4924; x_wconf 85' lang='lat' dir='ltr'>stionum,</span> <span class='ocrx_word' id='word_1_764' title='bbox 1073 4871 1135 4927; x_wconf 84' lang='lat' dir='ltr'>quae</span> <span class='ocrx_word' id='word_1_765' title='bbox 1160 4854 1205 4910; x_wconf 82' lang='lat' dir='ltr'>vix</span> <span class='ocrx_word' id='word_1_766' title='bbox 1234 4853 1268 4908; x_wconf 93' lang='lat' dir='ltr'>ad</span> <span class='ocrx_word' id='word_1_767' title='bbox 1290 4851 1500 4926; x_wconf 81' lang='lat' dir='ltr'>intelligentiam</span> <span class='ocrx_word' id='word_1_768' title='bbox 1532 4853 1720 4924; x_wconf 90' lang='lat' dir='ltr'>perducuntur</span> 
     </span>
     <span class='ocr_line' id='line_1_112' title="bbox 911 4942 1720 5017; baseline -0.006 -16"><span class='ocrx_word' id='word_1_769' title='bbox 911 4947 992 5001; x_wconf 90' lang='lat' dir='ltr'>etiam</span> <span class='ocrx_word' id='word_1_770' title='bbox 1006 4944 1211 5017; x_wconf 89' lang='lat' dir='ltr'>multiplicitate</span> <span class='ocrx_word' id='word_1_771' title='bbox 1227 4947 1385 4998; x_wconf 90' lang='lat' dir='ltr'>verborum.</span> <span class='ocrx_word' id='word_1_772' title='bbox 1410 4942 1516 4997; x_wconf 88' lang='lat' dir='ltr'>Etcum</span> <span class='ocrx_word' id='word_1_773' title='bbox 1532 4942 1609 5015; x_wconf 90' lang='lat' dir='ltr'>quasi</span> <span class='ocrx_word' id='word_1_774' title='bbox 1626 4943 1720 5014; x_wconf 84' lang='lat' dir='ltr'>hydrae</span> 
     </span>
    </p>
   </div>
   <div class='ocr_carea' id='block_1_25' title="bbox 911 5033 1720 5200">
    <p class='ocr_par' dir='ltr' id='par_1_29' title="bbox 911 5033 1720 5200">
     <span class='ocr_line' id='line_1_113' title="bbox 911 5033 1719 5110; baseline -0.009 -15"><span class='ocrx_word' id='word_1_775' title='bbox 911 5039 981 5095; x_wconf 79' lang='lat' dir='ltr'>virae</span> <span class='ocrx_word' id='word_1_776' title='bbox 996 5045 1079 5110; x_wconf 89' lang='lat' dir='ltr'>caput</span> <span class='ocrx_word' id='word_1_777' title='bbox 1091 5053 1177 5094; x_wconf 92' lang='lat' dir='ltr'>unum</span> <span class='ocrx_word' id='word_1_778' title='bbox 1192 5035 1373 5103; x_wconf 88' lang='lat' dir='ltr'>abscidimus,</span> <span class='ocrx_word' id='word_1_779' title='bbox 1386 5033 1554 5107; x_wconf 88' lang='lat' dir='ltr'>quandoque</span> <span class='ocrx_word' id='word_1_780' title='bbox 1568 5050 1719 5089; x_wconf 87' lang='lat' dir='ltr'>renascun-</span> 
     </span>
     <span class='ocr_line' id='line_1_114' title="bbox 911 5122 1720 5200; baseline -0.009 -15"><span class='ocrx_word' id='word_1_781' title='bbox 911 5136 955 5186; x_wconf 90' lang='lat' dir='ltr'>tur</span> <span class='ocrx_word' id='word_1_782' title='bbox 986 5129 1083 5195; x_wconf 89' lang='lat' dir='ltr'>multa,</span> <span class='ocrx_word' id='word_1_783' title='bbox 1115 5143 1177 5200; x_wconf 85' lang='lat' dir='ltr'>quae</span> <span class='ocrx_word' id='word_1_784' title='bbox 1200 5125 1253 5180; x_wconf 91' lang='lat' dir='ltr'>nisi</span> <span class='ocrx_word' id='word_1_785' title='bbox 1279 5140 1341 5180; x_wconf 90' lang='lat' dir='ltr'>curn</span> <span class='ocrx_word' id='word_1_786' title='bbox 1371 5138 1471 5197; x_wconf 74' lang='lat' dir='ltr'>magno</span> <span class='ocrx_word' id='word_1_787' title='bbox 1500 5122 1642 5179; x_wconf 87' lang='lat' dir='ltr'>molimine</span> <span class='ocrx_word' id='word_1_788' title='bbox 1664 5139 1720 5179; x_wconf 91' lang='lat' dir='ltr'>uon</span> 
     </span>
    </p>
   </div>
   <div class='ocr_carea' id='block_1_26' title="bbox 911 5217 1721 5466">
    <p class='ocr_par' dir='ltr' id='par_1_30' title="bbox 911 5217 1721 5466">
     <span class='ocr_line' id='line_1_115' title="bbox 911 5217 1073 5274; baseline -0.012 0"><span class='ocrx_word' id='word_1_789' title='bbox 911 5217 1073 5274; x_wconf 80' lang='lat' dir='ltr'>auferimus.</span> 
     </span>
     <span class='ocr_line' id='line_1_116' title="bbox 911 5323 1721 5394; baseline 0 -13"><span class='ocrx_word' id='word_1_790' title='bbox 911 5327 987 5394; x_wconf 78' lang='lat' dir='ltr'>Qrmd</span> <span class='ocrx_word' id='word_1_791' title='bbox 1006 5329 1046 5381; x_wconf 76' lang='lat' dir='ltr'>ris</span> <span class='ocrx_word' id='word_1_792' title='bbox 1065 5323 1218 5393; x_wconf 77' lang='lat' dir='ltr'>cepetobilis</span> <span class='ocrx_word' id='word_1_793' title='bbox 1231 5329 1372 5379; x_wconf 72' lang='lat' dir='ltr'>astemoe</span> <span class='ocrx_word' id='word_1_794' title='bbox 1393 5324 1504 5390; x_wconf 75' lang='lat' dir='ltr'>otttmoe,</span> <span class='ocrx_word' id='word_1_795' title='bbox 1523 5327 1646 5390; x_wconf 75' lang='lat' dir='ltr'>quomoda</span> <span class='ocrx_word' id='word_1_796' title='bbox 1666 5338 1721 5380; x_wconf 85' lang='lat' dir='ltr'>oon</span> 
     </span>
     <span class='ocr_line' id='line_1_117' title="bbox 1238 5414 1393 5466; baseline -0.006 0"><span class='ocrx_word' id='word_1_797' title='bbox 1238 5415 1274 5466; x_wconf 88' lang='lat' dir='ltr'>st&#39;t</span> <span class='ocrx_word' id='word_1_798' title='bbox 1289 5414 1393 5466; x_wconf 77' lang='lat' dir='ltr'>oniam.</span> 
     </span>
    </p>
   </div>
   <div class='ocr_carea' id='block_1_27' title="bbox 916 5526 1731 5694">
    <p class='ocr_par' dir='ltr' id='par_1_31' title="bbox 916 5526 1731 5694">
     <span class='ocr_line' id='line_1_118' title="bbox 950 5526 1727 5602; baseline -0.009 -18"><span class='ocrx_word' id='word_1_799' title='bbox 950 5528 1083 5602; x_wconf 87' lang='lat' dir='ltr'>Superius</span> <span class='ocrx_word' id='word_1_800' title='bbox 1094 5535 1235 5582; x_wconf 88' lang='lat' dir='ltr'>ostensum</span> <span class='ocrx_word' id='word_1_801' title='bbox 1252 5531 1294 5580; x_wconf 90' lang='lat' dir='ltr'>est</span> <span class='ocrx_word' id='word_1_802' title='bbox 1304 5539 1399 5580; x_wconf 91' lang='lat' dir='ltr'>semen</span> <span class='ocrx_word' id='word_1_803' title='bbox 1413 5526 1541 5583; x_wconf 90' lang='lat' dir='ltr'>animalis</span> <span class='ocrx_word' id='word_1_804' title='bbox 1552 5539 1651 5582; x_wconf 91' lang='lat' dir='ltr'>eorum</span> <span class='ocrx_word' id='word_1_805' title='bbox 1664 5539 1727 5581; x_wconf 89' lang='lat' dir='ltr'>esse</span> 
     </span>
     <span class='ocr_line' id='line_1_119' title="bbox 916 5616 1731 5694; baseline -0.015 -16"><span class='ocrx_word' id='word_1_806' title='bbox 916 5637 978 5694; x_wconf 88' lang='lat' dir='ltr'>quae</span> <span class='ocrx_word' id='word_1_807' title='bbox 1004 5624 1127 5677; x_wconf 87' lang='lat' dir='ltr'>constant</span> <span class='ocrx_word' id='word_1_808' title='bbox 1151 5633 1184 5672; x_wconf 83' lang='lat' dir='ltr'>ex</span> <span class='ocrx_word' id='word_1_809' title='bbox 1211 5617 1496 5692; x_wconf 88' lang='lat' dir='ltr'>animaetcorpore,</span> <span class='ocrx_word' id='word_1_810' title='bbox 1518 5616 1596 5672; x_wconf 91' lang='lat' dir='ltr'>etin</span> <span class='ocrx_word' id='word_1_811' title='bbox 1619 5616 1731 5677; x_wconf 85' lang='lat' dir='ltr'>semine</span> 
     </span>
    </p>
   </div>
   <div class='ocr_carea' id='block_1_28' title="bbox 1502 5737 1553 5794">
    <p class='ocr_par' dir='ltr' id='par_1_32' title="bbox 1502 5737 1553 5794">
     <span class='ocr_line' id='line_1_120' title="bbox 1502 5737 1553 5794; baseline -0.039 0"><span class='ocrx_word' id='word_1_812' title='bbox 1502 5737 1553 5794; x_wconf 50' lang='lat' dir='ltr'>‘blo</span> 
     </span>
    </p>
   </div>
   <div class='ocr_carea' id='block_1_29' title="bbox 0 0 1865 6014">
    <p class='ocr_par' dir='ltr' id='par_1_33' title="bbox 0 0 1865 6014">
     <span class='ocr_line' id='line_1_121' title="bbox 0 0 1865 6014; baseline 0 0"><span class='ocrx_word' id='word_1_813' title='bbox 0 0 1865 6014; x_wconf 95' lang='lat' dir='ltr'> </span> 
     </span>
    </p>
   </div>
  </div>
 </body>
</html>
