3720 6014
95 200 148 258 sir
728 194 900 252 srcuurnn
920 193 1166 251 cussiacensis
1211 151 1213 154 ’
1707 194 1765 252 3ρο
1793 217 1798 237 ..

175 338 348 381 aosasosnu.
423 334 596 376 rainconun.
668 335 821 376 saetosus.
911 318 1024 394 Aquiis
1051 318 1175 375 oldonis
1199 332 1249 374 eos
1274 316 1327 373 sibi
1348 317 1497 373 familiares
1519 315 1633 386 lecerat,
1649 317 1767 376 boeco-

97 422 225 487 nepotem
241 426 320 466 suum
338 410 452 464 alanum
480 409 515 464 de
530 407 606 464 omni
624 414 697 463 terra
721 424 780 473 sna,
796 409 823 463 in
837 423 901 480 pre·
950 415 1029 488 gnito
1045 428 1096 484 per
1110 428 1169 480 eos,
1184 413 1297 468 castella
1311 428 1361 468 sua
1373 429 1427 485 qne
1443 421 1520 468 erant
1533 412 1562 467 in
1578 411 1684 469 linibus
1697 413 1768 470 llor-
1800 416 1805 449 ²

97 507 185 564 sentia
199 503 281 579 regis.
950 509 1061 564 mannie
1073 509 1148 577 juxta
1163 507 1317 576 Franciam,
1334 509 1428 576 armis,
1449 507 1584 564 militibus
1608 518 1637 566 et
1655 509 1768 566 victua·
1796 516 1805 541 ·'

131 598 210 655 itit.
230 594 445 651 Fredoicusdi.
473 592 621 649 Ludovicus
634 592 679 647 37.
708 591 898 648 nanceio.
951 600 1024 655 libus
1049 600 1176 657 munivit.
1203 600 1330 656 Removit
1360 600 1443 656 etiam
1471 600 1605 672 quosdam
1632 601 1767 657 custodes

130 689 187 746 Rex
206 687 338 744 bettricus
365 687 423 763 egil
455 686 547 742 000010
565 684 676 741 Ι000οῑ
699 684 728 739 00
756 682 900 752 3000000
951 691 1137 756 castellorum,
1155 708 1189 746 ne
1205 691 1325 763 aliquam
1354 690 1407 745 sibi
1424 690 1549 747 fraudem
1572 691 1697 748 iacerent
1713 709 1767 764 per
1791 716 1807 728 *-

95 800 168 860 pago
190 785 265 856 apud
288 784 400 838 liuram.
426 781 591 837 Gnillermns
612 780 759 852 episeopus
786 780 821 834 de
842 779 899 834 Tri·
951 781 1137 851 receptionem
1158 781 1332 836 inimicorum
1349 781 1628 855 suorumetlongam
1644 796 1764 837 moram.
1795 787 1807 831 i-

94 876 141 949 gel
160 874 234 943 (676)
258 874 385 928 humane·
393 872 447 926 rite
459 871 541 927 linem
559 871 630 933 lecit,
643 872 686 924 cui
706 870 840 924 successit
856 871 900 925 lvo
953 868 1019 922 lude
1034 869 1144 923 locutr'ts
1160 883 1221 922 cum
1245 867 1396 923 baronibus
1411 869 1589 937 Normannie,
1605 886 1655 926 eos
1666 871 1766 926 admo·
1795 884 1805 913 2·

95 964 178 1033 3000,
194 961 606 1032 00οῑ0000000οΓΤο000005ῑο
625 960 725 1015 101000
739 959 821 1014 eliam
838 959 901 1013 Hai-
952 967 1023 1034 nuit,
1041 967 1209 1034 obsecravit,
1225 977 1255 1022 ut
1270 967 1387 1024 viriliter
1402 978 1526 1043 agerent,
1545 977 1573 1025 el
1587 985 1766 1027 rememora·
1786 958 1806 1017 ἶ

94 1054 186 1112 monis
200 1051 325 1125 episcopi
342 1051 492 1106 leonensis
505 1051 610 1105 electus
622 1058 665 1106 est
678 1050 790 1122 quidam
806 1049 899 1104 arclri-
951 1065 1055 1125 rentur,
1074 1059 1147 1131 quod
1168 1066 1300 1129 parentes
1327 1074 1421 1116 eorum
1451 1061 1592 1116 multoties
1611 1061 1734 1118 ptango,
1750 1077 1767 1118 a

95 1144 361 1213 diaconusejusdem
376 1142 502 1206 ecclesie,
520 1156 575 1195 non
589 1141 734 1205 canonice,
750 1140 797 1194 sed
814 1139 901 1194 simo·
951 1149 1053 1204 finibus
1078 1150 1136 1205 suis
1161 1151 1278 1221 turpiter
1296 1150 1497 1207 eliminassent,
1526 1153 1765 1225 tndeassumprja
1794 1154 1798 1183 ³

94 1239 187 1303 niace;
202 1243 230 1292 00
249 1251 311 1291 cum
327 1232 442 1288 0000000
457 1231 572 1306 6000000
596 1237 649 1285 tam
666 1230 737 1329 00000
753 1246 833 1328 quarn
854 1244 901 1299 po
951 1246 1057 1316 paucis,
1072 1245 1156 1300 immo
1176 1244 1234 1300 iere
1253 1246 1337 1302 nullis
1352 1247 1386 1302 de
1409 1248 1559 1302 baronibus
1579 1248 1765 1316 Normannis,
1794 1266 1797 1271 ·

95 1328 164 1401 puli,
193 1323 425 1396 00οῬ00000000
447 1321 697 1386 0000000000οῑοι
728 1318 899 1389 0000010000
951 1355 1012 1393 cum
1038 1339 1265 1395 Brebenzonlbus
1280 1341 1338 1394 suis
1365 1340 1493 1395 transivit
1507 1341 1534 1395 in
1551 1341 1689 1414 angliam.
1707 1341 1766 1408 Qua
1797 1349 1809 1372 ’·’

93 1430 181 1481 morte
195 1421 265 1478 Jocii
282 1416 483 1488 archiepiscopi
498 1415 685 1482 Turonensis3
705 1415 735 1469 in
750 1413 900 1484 cujusleeo
951 1436 1041 1486 aurem
1057 1431 1212 1487 humppaqe
1232 1432 1389 1503 sepulcrum
1410 1431 1482 1488 beati
1507 1433 1635 1505 martyris
1657 1432 1766 1490 rhome
1794 1412 1806 1461 -’·

93 1511 429 1590 01080000οΤ000000500
448 1507 539 1562 0100Ῑο0
556 1505 791 1576 decanumipsins
809 1503 901 1559 00οῙ0·
950 1519 1112 1586 visitaverit,
1129 1518 1279 1575 notandum
1299 1527 1341 1574 est
1370 1519 1506 1575 litantem
1527 1519 1763 1576 viditecclesiam
1795 1510 1804 1555 ἶ

93 1609 135 1665 sie
151 1604 385 1668 bartholomeum,
399 1603 529 1673 juvenem
540 1608 681 1656 strenuum
695 1597 837 1675 etg'enere
848 1613 899 1653 no·
950 1607 1185 1676 &prumiensem
1215 1608 1348 1665 desiliens
1374 1625 1456 1681 equo,
1487 1610 1515 1665 in
1541 1610 1716 1668 vestelnnea
1738 1617 1768 1667 et
1797 1608 1810 1645 ·'

94 1701 190 1757 bilem.
210 1695 376 1751 Guillermus
395 1692 483 1748 Patric
495 1693 590 1762 junior
604 1693 720 1747 moritur
735 1690 863 1746 l‘arisius.
874 1694 901 1743 ct
951 1700 1035 1756 nudis
1053 1701 1172 1773 pedibus
1187 1701 1273 1772 pedes
1288 1702 1423 1774 usquead
1440 1702 1514 1758 illam
1531 1718 1581 1774 per
1595 1703 1715 1776 paludes
1737 1711 1767 1760 et
1800 1707 1803 1714 '

94 1791 260 1847 Guillermus
284 1785 373 1840 Patrio
388 1793 465 1855 pater
493 1784 563 1853 ejus,
584 1785 628 1839 cni
643 1782 777 1839 successit
805 1781 900 1855 Inger·
951 1797 1031 1844 acum
1048 1806 1112 1844 saxa
1127 1806 1189 1845 cum
1210 1806 1317 1845 summa
1331 1790 1479 1848 devotione
1495 1791 1624 1864 perrexit,
1642 1793 1672 1847 111
1698 1807 1767 1850 οη.
1806 1794 1809 1799 ·

93 1895 199 1937 rannus
218 1873 398 1932 Pallissfilius
420 1872 644 1944 ejus,quidnxit
672 1867 900 1926 filiflmffichaldi
950 1878 1027 1934 tione
1052 1878 1087 1933 ad
1111 1878 1269 1949 sepulcrum
1289 1879 1403 1954 gloriosi
1430 1879 1558 1952 martyris
1583 1881 1611 1935 in
1641 1880 1766 1937 lacrimis
1806 1895 1810 1919 ²

93 1972 143 2028 lilii
158 1969 266 2027 comitis
305 1967 377 2021 Obiit
392 1963 477 2020 abbas
502 1964 593 2019 Sancti
614 1964 743 2020 florentii
764 1962 849 2035 (677),
870 1969 898 2016 el
948 1973 1002 2023 tam
1018 1967 1243 2035 devotnsextitit,
1259 1975 1289 2023 ut
1303 1967 1429 2024 videntes
1442 1969 1476 2022 ad
1493 1968 1620 2025 lacrimas
1636 1976 1764 2045 cogeret.

92 2062 224 2120 successit
239 2060 264 2115 ei
292 2055 423 2113 liedulfus
446 2054 619 2111 Normunnus
633 2055 676 2106 ⁶⁷⁰.
699 2053 833 2108 Similiter
853 2067 898 2107 ss-
948 2055 1025 2111 Feria
1040 2063 1116 2112 sexta
1139 2057 1204 2112 illuc
1219 2063 1342 2121 venerat,
1370 2065 1397 2112 et
1413 2057 1563 2128 inpransus
1591 2064 1651 2113 tota
1680 2064 1765 2114 nocte

92 2155 195 2212 tisiecit
208 2153 263 2208 vite
278 2152 397 2206 humane
417 2148 539 2204 Nutritus
554 2147 690 2213 reclusus,
708 2147 750 2201 vir
765 2147 899 2201 honestus
949 2146 987 2202 ibi
999 2147 1131 2221 vigilavit.
1147 2147 1226 2203 lllane
1246 2155 1338 2204 autem
1358 2148 1440 2215 lacto,
1456 2150 1483 2204 in
1500 2149 1651 2220 capitulum
1664 2164 1766 2205 mona·
1801 2160 1804 2165 '

92 2251 121 2302 et
139 2258 239 2318 magne
257 2238 410 2314 religionis,
431 2237 465 2292 ad
485 2236 563 2305 cnjus
577 2237 724 2301 tumulum,
742 2242 772 2290 ut
785 2235 899 2307 quidam
949 2238 1062 2292 eborum
1073 2253 1203 2312 pergens,
1218 2237 1314 2293 subdit
1334 2254 1364 2294 se
1383 2238 1547 2296 verberibus
1565 2255 1676 2308 cerum,
1696 2239 1765 2296 imi·
1809 2267 1812 2271 ⁴

92 2334 199 2399 dicunt,
219 2330 266 2403 qui
282 2336 324 2384 est
346 2327 423 2397 juxta
438 2324 583 2380 ecclesiam
599 2332 693 2379 sancte
713 2324 796 2379 Mario
811 2326 899 2380 Arde·
948 2337 1020 2384 tatus
1031 2328 1254 2399 Redemptorem,
1278 2330 1326 2401 qui
1349 2329 1460 2387 dorsum
1475 2346 1553 2386 suum
1569 2331 1647 2386 dedit
1660 2333 1695 2387 ad
1710 2331 1763 2388 lla-
1796 2324 1812 2369 ‹²

90 2422 233 2487 vonensis,
253 2420 324 2474 Dens
343 2413 535 2488 magnificatur
557 2413 583 2468 in
612 2415 755 2470 curatione
775 2414 897 2472 infirmo-
948 2418 1030 2491 gella.
1043 2420 1097 2474 Sed
1113 2420 1158 2475 illc
1172 2420 1238 2476 iecit
1251 2427 1365 2491 propter
1377 2430 1489 2493 peccata
1505 2429 1609 2491 nostra,
1626 2423 1678 2478 iste
1691 2438 1760 2494 pro·
1800 2436 1812 2455 ··

91 2530 161 2570 rum.
184 2511 256 2567 Obiit
274 2509 358 2564 etiam
373 2522 446 2562 anno
457 2507 602 2577 superiore
616 2505 743 2561 llamode
754 2507 897 2579 landecop
948 2523 1010 2584 pter
1025 2514 1145 2587 propria.
1164 2515 1264 2570 Eadem
1280 2524 1371 2572 autem
1387 2516 1443 2582 die,
1460 2533 1515 2588 qua
1526 2517 1641 2573 recessit
1660 2533 1676 2572 a
1693 2534 1764 2575 san·

90 2604 244 2661 monachus
271 2599 452 2664 30οἰοἱ00οὶ0,
481 2599 667 2669 quiproptnr
681 2599 843 2672 religionem
870 2608 898 2655 et
948 2615 992 2661 eto
1020 2605 1093 2675 loco,
1117 2616 1213 2678 captus
1238 2615 1279 2663 est
1302 2608 1468 2664 Gnillermns
1495 2626 1542 2664 rex
1564 2609 1657 2665 Scotle
1682 2610 1761 2683 apud
1804 2602 1809 2629 ³

86 2695 164 2777 'bona
183 2708 267 2764 opera
282 2691 310 2745 in
327 2704 462 2761 pauperes
477 2705 557 2744 carus
573 2697 632 2744 eret
661 2690 716 2744 Deo
736 2698 763 2745 ei
781 2689 898 2745 homini·
947 2697 1051 2754 Anvich
1080 2695 1264 2754 abaronibus
1288 2699 1522 2763 Eboracensibus;
1550 2700 1596 2773 qui
1624 2717 1672 2756 rex
1702 2708 1763 2758 tota
1809 2694 1812 2700 ⁴

91 2788 152 2844 bns.
167 2784 395 2856 lrclriepiscopus
408 2780 564 2836 Tarentasie
576 2781 660 2854 (678),
672 2781 718 2853 qui
734 2781 822 2837 luerat
837 2798 898 2838 nro·
948 2794 1034 2843 estate
1048 2804 1109 2843 curn
1131 2788 1249 2862 lingerio
1265 2786 1300 2841 de
1315 2787 1437 2842 llonbrai
1457 2795 1487 2843 et
1500 2789 1560 2843 aliis
1574 2789 1761 2862 complicibus

92 2879 196 2934 naclrus
212 2877 246 2932 de
265 2876 363 2931 ordine
379 2873 564 2938 cisterciensi,
585 2890 635 2944 per
651 2889 733 2945 quem
748 2874 776 2928 in
798 2874 897 2929 nostris
948 2875 1005 2930 suis
1018 2883 1170 2931 vastaverat
1190 2875 1430 2946 septemtrionales
1445 2884 1539 2946 partes
1564 2876 1672 2948 anglie,
1692 2893 1760 2949 per·

90 2968 262 3040 temporibus
275 2968 302 3020 in
318 2965 487 3021 exhibitione
500 2964 695 3020 miraculorum
718 2966 792 3019 licus
807 2964 896 3019 bene·
948 2964 1088 3037 tingentes
1102 2964 1136 3018 ad
1150 2964 1279 3019 Sentium.
1301 2964 1400 3028 Quarta
1424 2963 1490 3018 leria
1505 2964 1632 3035 sequenti
1652 2965 1761 3023 audivit

90 3060 201 3126 dicitur,
218 3074 279 3113 cum
296 3057 397 3112 abbate
424 3056 598 3111 cisterciensi
622 3057 775 3112 Alexandro
797 3019 934 3111 missusC
948 3068 994 3107 rex
1010 3053 1135 3108 nuntium
1164 3053 1233 3108 tanti
1248 3051 1351 3125 gaudii.
1368 3052 1424 3109 liet
1443 3051 1575 3106 llcnricus
1590 3052 1762 3107 exhilaratus
1804 3062 1812 3089 ·'

91 3153 211 3208 adonno
227 3165 297 3221 papa
312 3147 388 3202 veuit
404 3148 437 3202 ad
452 3165 544 3223 regem
560 3149 735 3213 Francorum,
749 3164 797 3219 pro
813 3149 899 3204 relor-
949 3153 1024 3202 tanto
1038 3145 1144 3201 nuntie.
1161 3143 1230 3199 facta
1242 3160 1309 3215 pace
1325 3161 1385 3198 cum
1401 3144 1501 3200 comite
1516 3144 1629 3217 lingone
1645 3144 1760 3219 liigotb,

91 3239 192 3296 manda
208 3253 275 3310 pace
296 3237 473 3309 interregem
490 3237 586 3310 anglie
602 3236 747 3291 ilenricum
762 3243 789 3291 et
810 3237 897 3292 filium
949 3248 976 3294 et
991 3237 1088 3310 positis
1099 3239 1126 3293 in
1139 3237 1218 3291 firma
1232 3236 1356 3292 custodia
1372 3237 1522 3292 Guillermo
1537 3252 1602 3311 rege
1617 3235 1711 3292 Scotie
1731 3244 1759 3293 et

91 3329 153 3398 ejus
167 3342 259 3400 regem
274 3325 428 3397 iuniorem;
458 3325 506 3380 scd
523 3325 739 3394 impedientibus
754 3325 898 3380 hominnm
949 3329 1062 3402 lingerio
1097 3326 1198 3382 comite
1230 3325 1395 3391 Leecestric,
1430 3342 1492 3380 cum
1516 3325 1666 3381 comitibus
1700 3326 1761 3383 suis

89 3419 220 3492 pcccatis,
241 3432 336 3489 parurn
368 3413 494 3486 proiecit.
527 3413 603 3470 Circa
632 3415 733 3485 pascha
766 3414 899 3470 liicurdus
949 3419 1133 3476 transfretavit
1148 3419 1175 3472 iu
1193 3417 1400 3483 Normanniam,
1417 3416 1578 3488 relinquens
1591 3417 1761 3491 angliamin
1799 3424 1812 3432 '⁴

89 3511 193 3567 clectus
203 3506 417 3573 cantuariensis,
434 3504 481 3577 qui
497 3519 570 3559 anno
584 3503 722 3574 superiori
738 3512 896 3575 perrexerat
946 3529 1025 3584 pace,
1042 3527 1123 3584 quam
1144 3509 1201 3565 iere
1228 3508 1363 3580 perditam
1384 3507 1412 3562 in
1433 3508 1545 3582 triginta
1560 3508 1661 3564 diebus
1677 3525 1761 3567 recu.
1802 3501 1810 3529 ‘¹

89 3601 215 3670 Romam,
236 3617 252 3655 a
271 3615 342 3672 papa
369 3598 523 3653 Alexandro
549 3607 672 3652 sacratus
692 3603 734 3651 est
759 3597 894 3671 Anagnia.
946 3613 1098 3678 perflagrat,
1114 3602 1235 3658 veniens
1250 3601 1343 3673 itaque
1363 3602 1575 3676 Rothomagum‚
1591 3601 1669 3657 misit
1683 3619 1759 3659 mar.

89 3694 255 3769 Rississeluffl
271 3693 304 3728 ⁶⁷¹
321 3691 438 3746 0¹⁸⁰¹¹¹¹¹¹
461 3690 618 3753 300005οῐον
639 3688 745 3744 0000100
761 3688 832 3757 ejus,
850 3703 896 3742 ⁵³·
945 3701 1037 3758 chisos
1056 3715 1121 3756 snos
1135 3697 1279 3753 Walenses
1297 3703 1372 3751 trans
1391 3695 1557 3767 Sequanam,
1581 3703 1611 3751 ut
1626 3695 1759 3756 victualia
1810 3693 1812 3697 ’

88 3786 175 3842 oravit
187 3782 411 3854 archiepiscopus
424 3780 592 3835 Tarentasie.
607 3779 665 3835 Due
675 3779 772 3852 regine
786 3779 895 3834 ducun·
945 3805 1000 3861 que
1015 3788 1163 3844 veniebant
1183 3786 1218 3841 ad
1237 3785 1388 3840 exercitum
1411 3784 1590 3851 francorum,
1615 3786 1643 3840 in
1659 3801 1759 3844 nemo.
1786 3801 1788 3805 ·
1804 3802 1812 3809 ·

90 3883 135 3932 tur
149 3877 177 3931 in
197 3874 322 3948 Angliam
946 3879 1024 3935 ribus
1038 3877 1199 3947 diriperent.
1216 3873 1312 3930 Franci
1326 3872 1452 3948 igiturex
1467 3889 1522 3929 una
1536 3880 1613 3945 parte
1624 3874 1759 3932 timentes
1808 3864 1812 3894 ³

125 3967 202 4022 Circa
225 3965 298 4020 idem
323 3971 433 4034 tempus
464 3960 617 4018 Ludovicus
653 3977 700 4016 rex
729 3960 895 4018 Francorum
946 3987 1052 4045 regem,
1068 3967 1166 4025 exalia
1194 3965 1338 4023 walenses
1368 3965 1403 4020 de
1425 3981 1493 4036 pace
1517 3965 1636 4021 mensuri
1653 3966 1688 4021 ad
1713 3982 1759 4024 pe.

90 4060 269 4134 congregavit
283 4058 403 4114 Parisius
422 4072 519 4113 omnes
541 4057 660 4111 barones
684 4056 761 4132 regni
779 4057 832 4125 sni,
848 4062 895 4130 qui
945 4077 1008 4136 gem
1024 4057 1202 4114 conveniunt.
1224 4055 1303 4111 Unde
1318 4070 1365 4109 rex
1377 4053 1545 4110 exhilaratus
1558 4056 1708 4112 terminum
1723 4057 1759 4114 de

90 4157 114 4213 ci
130 4155 274 4228 parebant,
290 4162 317 4210 et
337 4169 398 4209 cum
415 4153 456 4208 eis
472 4151 568 4206 babuit
595 4159 732 4207 secretum
751 4152 895 4210 ministerii
946 4164 1013 4223 paee
1041 4146 1113 4202 inter
1140 4159 1189 4201 eos
1212 4143 1389 4200 relorrnanda
1408 4142 1502 4215 posuit
1529 4143 1563 4198 ad
1584 4143 1757 4201 nativitatem

90 4246 144 4301 sui.
173 4245 337 4300 iuraverunt
362 4258 427 4318 ergo
458 4255 551 4297 comcs
580 4239 766 4308 flandrensis,
802 4258 896 4299 comes
945 4236 1136 4295 sanctellarie
1160 4233 1357 4305 'apudGisora
1386 4232 1444 4297 Quo
1458 4234 1576 4289 termino
1599 4235 1707 4306 elapso,
1723 4251 1758 4292 ex

88 4341 274 4402 Tlieobalrlus.
303 4354 396 4396 comes
423 4338 456 4393 de
482 4336 653 4393 claromonte
683 4343 709 4391 et
738 4337 816 4392 multi
837 4337 1064 4429 alii,Dutraquc
1085 4332 1382 4401 parteeonvenerunt;
1401 4327 1449 4382 sed
1466 4326 1758 4398 niclrilproleeerunt,

88 4431 162 4503 equod
187 4430 396 4485 transfretarent
417 4444 478 4484 cum
503 4426 615 4496 juniore
634 4442 699 4499 rege
724 4427 751 4480 in
772 4427 905 4505 Angliam¹
947 4430 1001 4484 nisi
1016 4426 1090 4499 quod
1107 4425 1190 4480 aliurn
1213 4424 1360 4479 terminum
1380 4423 1452 4478 circa
1471 4421 1569 4477 lestum
1596 4423 1684 4478 sancti
1706 4422 1759 4478 itli-
1798 4406 1809 4445 .·

88 4521 160 4576 circa
176 4520 274 4575 lestnm
290 4518 377 4574 sancti
396 4516 542 4582 iohannis,
554 4524 582 4572 et
601 4531 650 4587 pro
668 4531 748 4586 posse
763 4532 813 4573 suo
827 4516 894 4571 snb·
946 4519 1051 4579 chaelis
1074 4522 1225 4589 posuerunt
1253 4515 1325 4570 inter
1353 4516 1493 4570 Turonum
1529 4521 1556 4570 et
1584 4513 1756 4581 limbasjum.

31 4623 34 4629 ”
84 4608 686 4687 10800000οΗ001000800001Ῑο00οῆοῑ
704 4608 894 4673 0000000000,
946 4613 1004 4678 Quo
1018 4612 1090 4678 loco,
1115 4611 1171 4666 lieo
1186 4609 1306 4674 favente,
1334 4624 1385 4679 pax
1406 4607 1542 4678 provenit,
1558 4612 1585 4661 et
1609 4605 1660 4660 lrlii
1681 4605 1757 4683 regis

83 4703 248 4771 juraverunt
260 4702 333 4774 quod
350 4718 412 4756 cnm
424 4701 545 4756 exercitu
558 4716 607 4772 per
618 4699 815 4758 Normanniam
832 4716 894 4770 per·
944 4709 1001 4756 tros
1015 4716 1046 4755 se
1061 4698 1193 4770 patrisne
1208 4696 1348 4752 lrumilitcr
1359 4695 1553 4759 subdiderunt,
1567 4700 1594 4750 ct
1609 4709 1658 4749 rex
1671 4693 1758 4749 Frau-
1802 4692 1805 4701 ’

87 4797 197 4866 gerent,
212 4799 239 4847 et
254 4807 426 4863 quecumque
445 4791 556 4848 castella
571 4798 694 4863 possent,
711 4799 851 4862 caperent,
869 4797 896 4845 ct
945 4806 1038 4846 corum
1057 4797 1085 4843 et
1100 4803 1192 4843 comes
1212 4786 1388 4841 Flandrensis
1411 4783 1556 4839 tirmitatcs
1580 4798 1651 4854 ques
1672 4797 1757 4853 cepe-

86 4882 368 4954 patriamvastarent
391 4887 437 4936 aut
464 4882 559 4936 urbem
589 4880 787 4955 liotlromagnm
815 4879 893 4934 obsi·
945 4882 1055 4937 rantis
1085 4878 1262 4945 Normannia,
1284 4876 1341 4952 regi
1358 4876 1454 4950 singlis
1485 4874 1675 4929 reddiderunt.
1698 4873 1756 4947 ago

86 4976 169 5035 dione
188 4979 341 5054 cingerent.
360 4978 436 5042 Quod
452 4984 479 5034 et
493 4977 625 5039 lecerunt,
638 4993 733 5048 parum
749 4975 894 5047 prolicien-
943 4986 1009 5026 vcro
1026 4985 1122 5041 paoem
1137 4967 1216 5023 istam
1237 4965 1345 5022 ascribo
1363 4965 1478 5021 Domine
1493 4963 1662 5019 nostrelesu
1676 4960 1757 5017 Chri-

86 5076 139 5124 tes.
152 5068 208 5123 Rex
224 5075 313 5124 autem
328 5068 461 5123 llenrieus
476 5067 580 5131 senior,
600 5067 647 5138 qui
672 5067 774 5123 multos
800 5068 834 5122 de
848 5067 893 5121 ba·
943 5062 977 5118 sti
993 5058 1133 5135 genitrici,
1149 5056 1213 5128 quia
1230 5056 1256 5110 in
1273 5054 1367 5122 vigilia
1383 5052 1581 5124 assumptionis
1605 5051 1667 5123 ejus
1685 5051 1754 5106 uni-

85 5156 201 5212 ronibus
218 5158 331 5215 Franrie
346 5156 474 5213 oberatos
489 5155 609 5211 habebat
636 5163 663 5211 et
678 5156 784 5228 magnis
809 5155 891 5210 obse·
943 5166 1038 5208 versus
1052 5147 1188 5204 exercitus
1209 5144 1243 5200 ab
1257 5143 1406 5200 obsidione
1422 5142 1543 5210 recessit,
1559 5147 1588 5197 et
1600 5140 1676 5197 cives
1699 5139 1754 5196 lio·

757 5274 867 5329 VdeAE
887 5270 1074 5330 lectiones.

121 5373 155 5409 ⁸²⁰
170 5376 251 5431 Guill.
269 5376 358 5431 istrie
374 5405 407 5414 -
420 5373 594 5430 Normannus
609 5377 639 5428 in
652 5390 754 5430 rasura
768 5391 851 5430 mersu
863 5375 964 5429 eadent.
1014 5369 1046 5405 ⁰⁷¹
1064 5370 1131 5442 ling.
1148 5367 1225 5422 babet
1240 5365 1268 5420 E.

864 5472 968 5529 NOTAE.

121 5568 192 5638 (670)
211 5571 352 5645 Trcgniec
365 5572 462 5636 aedo.
733 5573 805 5642 1677)
821 5571 1038 5628 Salmuriensis„
1236 5562 1309 5633 (678)
1325 5562 1422 5617 Petrus
1437 5559 1534 5624 BOUQ.
