3720 6014
777 235 950 293 sunauntt
969 233 1227 292 GEMdeOEilSlS.
1274 259 1278 264 ·

762 589 1243 696 sraauaurr

447 849 747 978 SERMO
790 848 905 974 DE
940 845 1272 974 'SANCTA
1320 845 1584 975 LUCIA

723 1153 729 1165 .
746 1083 905 1154 (Manassae,
921 1083 989 1136 trist.
1003 1080 1035 1136 dc
1047 1084 1114 1136 Meta
1129 1096 1157 1151 p.
1173 1079 1247 1140 320.)

200 1421 334 1491 Tempore
349 1434 404 1492 quo
419 1417 654 1489 Constantinopoli
673 1417 847 1473 lastinianus
870 1429 971 1470 secun·
986 1413 1231 1486 Aincursionibus
1254 1413 1289 1468 ad
1318 1413 1371 1469 boc
1395 1413 1505 1470 redacta
1529 1421 1587 1482 est,
1616 1424 1651 1471 ut
1686 1417 1784 1491 qualis
1802 1418 1838 1473 rel

166 1515 228 1579 dus,
244 1521 272 1568 ot
287 1519 422 1584 posteum
437 1510 608 1583 Philippicas
622 1511 776 1582 imperavit,
794 1509 867 1582 apud
883 1510 971 1564 Fran·
1023 1512 1127 1578 quauta
1149 1505 1233 1562 luerit
1247 1505 1324 1570 olim,
1341 1505 1423 1562 modo
1450 1505 1519 1562 solis
1531 1507 1746 1579 parietinarum
1770 1507 1837 1565 indi·

166 1621 213 1662 cos
232 1621 298 1662 vero
325 1605 460 1676 Pippinus
480 1603 584 1672 senior,
607 1600 680 1658 filius
704 1603 834 1677 ansigisi,
854 1610 882 1658 et
912 1611 973 1674 post
1023 1596 1076 1653 ciis
1091 1598 1236 1654 monstrari
1258 1597 1357 1669 possit.

166 1711 228 1751 aum
258 1695 369 1750 Carolus
392 1693 531 1750 Martellns
555 1693 740 1764 principatum
771 1692 973 1749 administravit
1059 1690 1121 1745 Post
1136 1691 1249 1745 multant
1263 1705 1398 1746 annorum
1427 1689 1633 1761 evolutionem,
1666 1708 1735 1749 cum
1756 1692 1838 1749 mulla

166 1784 255 1858 regni,
283 1783 526 1857 Langobardorum
547 1796 662 1856 regnum
696 1782 837 1853 tripertus
858 1791 971 1837 strenue
1022 1797 1185 1854 magnaque
1199 1789 1377 1853 tempestates
1404 1789 1553 1855 aquatuor
1571 1784 1668 1839 ventis
1683 1784 1751 1842 coeli
1766 1784 1837 1860 longa

166 1872 247 1940 rexit,
271 1881 298 1928 et
313 1880 374 1944 post
389 1888 452 1927 eum
472 1870 546 1927 filias
561 1872 622 1941 ejus
638 1871 824 1926 Liutbrandus
839 1871 971 1943 regnarit.
1024 1873 1134 1945 lateque
1148 1872 1195 1929 din
1220 1874 1394 1948 multumque
1415 1874 1627 1930 concussissent
1641 1876 1745 1933 orbem
1766 1886 1838 1933 terre

166 1964 222 2017 Sub
234 1965 288 2030 his,
300 1965 426 2035 alriperto
441 1963 549 2019 scilicet
563 1970 590 2017 et
604 1961 783 2028 liutbrando,
799 1962 873 2016 inter
888 1961 974 2016 duces
1024 1981 1095 2031 rum,
1118 1965 1229 2020 tandem
1255 1965 1357 2021 divinae
1383 1965 1570 2022 miserationis
1596 1966 1703 2023 oculus
1723 1969 1837 2041 respexit

167 2055 409 2130 longobardorum
425 2057 480 2111 dux
495 2055 699 2127 Spoletinorum
716 2053 875 2120 Faroaltlus,
903 2052 976 2107 lilius
1026 2070 1110 2126 super
1123 2053 1196 2112 lilios
1211 2055 1368 2122 hominnm,
1379 2057 1444 2111 dum
1459 2057 1494 2111 ad
1508 2056 1669 2131 regendum
1681 2057 1837 2130 reipublice

166 2147 357 2214 Trasamundt,
371 2146 512 2202 fortissimi
527 2145 616 2214 ducis,
629 2144 754 2215 potentia
769 2154 796 2199 et
812 2143 975 2201 tortitudine
1025 2156 1136 2217 statum,
1156 2150 1261 2205 invenit
1274 2150 1363 2206 virum
1381 2150 1533 2207 secundum
1549 2166 1710 2222 corsuum,
1726 2153 1836 2225 primun

166 2241 414 2312 domimilitiaeque
439 2238 568 2294 clarebat.
590 2238 619 2293 Et
645 2252 700 2292 non
720 2237 809 2293 solum
826 2236 895 2293 fines
909 2254 975 2294 suos
1025 2247 1130 2304 scilicet
1150 2247 1287 2313 ottonem,
1311 2247 1423 2310 fertem.
1440 2249 1610 2320 sapientem,
1632 2251 1832 2325 etreligiosuu

164 2331 282 2386 viriliter
306 2329 340 2384 ab
368 2327 430 2382 aliis
455 2326 592 2393 tuebatur,
613 2342 706 2381 verum
730 2326 812 2381 eiiam
839 2325 972 2383 finilimos
1024 2352 1130 2411 regem,
1156 2335 1213 2400 Hic,
1245 2337 1399 2408 inspirante
1425 2338 1481 2394 Deo
1505 2336 1586 2395 bonae
1602 2339 1747 2396 voluntati
1774 2340 1835 2410 ejus,

148 2438 230 2496 ⁸SUOS
244 2421 336 2477 hostili
351 2420 513 2476 excursione
532 2418 629 2474 crebro
644 2417 782 2484 turbabat,
804 2427 832 2475 θῑ
847 2420 972 2491 poiesslia
1021 2437 1167 2502 postquam
1179 2430 1311 2487 intestina
1331 2436 1358 2486 el
1374 2431 1525 2488 domestica
1537 2430 1615 2488 bella
1631 2431 1835 2490 sor-titudine&

164 2528 214 2570 sua
223 2512 327 2567 abusus
341 2511 394 2582 ipsi
410 2517 511 2565 sancta
527 2510 656 2565 Romanae
673 2508 804 2565 Ecclesia
819 2517 877 2565 erat
889 2509 972 2566 nimis
1021 2519 1159 2575 industria
1171 2535 1221 2575 sua
1236 2519 1351 2576 extinxit
1370 2519 1506 2587 funditus,
1531 2519 1734 2594 barbarasque
1746 2530 1835 2597 genter

164 2603 299 2658 infensus.
321 2601 369 2656 llic
390 2600 472 2656 etiam
488 2600 659 2655 transmaria
677 2600 769 2656 littora
785 2601 879 2656 laxans
894 2601 971 2672 prin·
1021 2613 1056 2669 ab
1071 2614 1173 2671 invasis
1189 2615 1296 2687 imperii
1313 2614 1468 2671 exturbavit
1486 2613 1600 2682 finibus,
1617 2615 1834 2689 ndwmpoflpn.

162 2698 270 2770 cipatus
284 2697 327 2753 sui
342 2696 476 2760 habenas,
498 2695 611 2752 devenit
624 2695 725 2750 Sicilie
740 2695 904 2767 Syracusas3
928 2697 970 2751 in·
1022 2704 1087 2761 dum
1113 2706 1223 2778 imperii
1245 2713 1344 2763 statum
1363 2713 1438 2764 totus
1468 2706 1604 2764 incubuit,
1631 2707 1688 2765 pm
1715 2708 1836 2766 galesi„

162 2788 253 2861 deque
271 2786 400 2843 auferens
418 2784 586 2842 Venerabilis
604 2784 694 2840 Luciae
720 2800 827 2841 dacium
855 2801 966 2856 colpus,
1023 2810 1134 2867 quoque
1153 2811 1221 2868 paee
1236 2805 1264 2852 et
1274 2796 1410 2871 religione
1427 2795 1604 2852 reformanda
1620 2812 1681 2855 non
1703 2797 1797 2855 mium·
1813 2797 1837 2852 ei

160 2876 300 2933 transtulit
319 2877 386 2932 illud
408 2876 435 2930 in
457 2874 574 2941 ltaliam,
591 2874 625 2929 ad
648 2873 796 2937 Corfinum,
814 2875 911 2930 urbem
928 2876 971 2931 sni
1022 2902 1087 2942 cul-,2
1110 2886 1169 2943 suit,
1187 2888 1236 2954 Qui
1262 2895 1344 2961 caput
1356 2888 1464 2961 imperii
1484 2888 1581 2945 adiens
1598 2888 1733 2957 nomam,
1753 2890 1838 2964 impe.

159 2966 341 3038 principatus.
364 2964 468 3039 Agebat
489 2964 541 3019 hoc
557 2978 624 3019 sane
640 2963 709 3018 mira
725 2962 771 3018 liei
786 2963 969 3034 dispensatio,
1020 2974 1117 3032 itatem
1133 2977 1240 3048 accepit
1255 2992 1398 3047 coronam,
1408 2983 1436 3033 et
1451 2993 1501 3049 por
1516 2976 1672 3034 triennium
1685 2994 1836 3055 peragam

159 3064 189 3114 ul
202 3058 311 3116 scilicet
325 3058 436 3113 lucerna
452 3055 520 3111 tanti
540 3055 653 3111 lnnrinis
668 3071 785 3110 accensa
808 3055 836 3108 in
852 3056 967 3125 mundo,
1019 3064 1136 3128 ltaliam,
1158 3065 1193 3121 ab
1208 3067 1284 3122 omni
1303 3073 1483 3140 tyrannorum
1497 3067 1648 3125 vexatione
1660 3067 1795 3126 liberavit
1806 3071 1836 3126 ῃ.

157 3150 270 3207 inarcto
283 3148 491 3213 brevisinsulae,
508 3163 570 3220 qnae
590 3149 672 3220 paulo
687 3147 770 3203 latius
787 3163 869 3220 quam
884 3163 965 3203 sexa·
1016 3150 1080 3208 lam.
1097 3152 1127 3207 ln
1143 3153 1194 3209 bac
1210 3153 1343 3210 triennali
1354 3153 1543 3226 expeditione,
1557 3154 1732 3213 individuus
1750 3157 1778 3214 ei
1791 3157 1832 3213 ad

156 3240 232 3313 ginta
245 3239 368 3294 millibus
383 3238 522 3304 dilatatur,
536 3253 593 3292 non
606 3237 705 3292 lateret
718 3236 833 3308 angulo;
849 3236 898 3291 sed
912 3252 963 3308 pa·
1016 3239 1096 3295 laaesit
1122 3241 1315 3311 modericus,
1339 3242 1468 3318 gloriosa
1496 3242 1640 3300 momoriae
1667 3243 1830 3303 latentium

154 3334 207 3391 lam
221 3333 386 3391 candelabro
401 3332 585 3404 superposita,
603 3332 737 3387 mundum
752 3330 835 3405 longe
852 3330 963 3403 lateque
1016 3332 1245 3407 quadragesimus
1258 3340 1352 3390 sextus
1365 3335 1526 3407 episcopus,
1542 3334 1590 3407 qui
1600 3335 1696 3408 ipsius
1716 3339 1831 3412 impara-

155 3429 315 3501 multiplicis
329 3427 436 3498 jubaris
460 3427 612 3483 illustraret
634 3425 732 3501 gratia.
757 3425 841 3481 Porro
868 3431 965 3480 contra
1016 3422 1083 3477 toris
1113 3423 1309 3491 consobrinus,
1329 3423 1483 3480 nobilitatis
1510 3424 1599 3497 gloria
1627 3433 1657 3483 et
1687 3428 1828 3500 sapientia

153 3517 315 3575 Faroaldum
328 3516 402 3572 filius
416 3515 477 3585 eius
490 3515 695 3571 drasamundus
711 3514 869 3580 insurrexit,
885 3529 963 3568 eum·
1014 3511 1102 3585 gratia
1134 3511 1331 3583 praeminebat
1365 3512 1497 3585 palatinis
1519 3512 1664 3570 omnibns.
1679 3515 1735 3573 Per
1759 3517 1828 3574 huuc

152 3627 206 3684 que
235 3610 391 3683 principatu
415 3611 563 3680 privatum,
589 3609 617 3662 in
643 3607 774 3663 clericum
800 3607 961 3662 tonsuravit.
1013 3605 1201 3661 tractabantur
1214 3613 1313 3663 cuncta
1335 3605 1444 3678 imperii
1469 3607 1598 3681 negotia3
1615 3624 1668 3681 per
1683 3610 1826 3668 huname·

151 3698 331 3756 Attendamus
346 3698 428 3754 ethic
449 3697 497 3753 liei
518 3697 732 3766 ordinationem,
749 3703 777 3751 et
790 3702 892 3751 sancta
906 3695 963 3750 rir—
1013 3698 1185 3754 liorabantur
1211 3699 1416 3766 ecclesiastiaca
1443 3699 1586 3771 perhanc
1614 3700 1750 3772 placebat
1764 3704 1826 3777 qui·

150 3791 225 3863 ginis
244 3792 374 3861 pietatem
392 3804 457 3863 erga
476 3788 609 3843 devotum
623 3787 677 3841 sibi
693 3788 802 3843 ducem.
828 3786 897 3852 Quia
912 3787 960 3841 hu·
1011 3803 1121 3860 cunque
1138 3787 1296 3859 imperatori
1312 3788 1453 3860 placebat;
1475 3804 1526 3860 per
1539 3787 1616 3845 bunc
1629 3791 1755 3864 quisque
1770 3808 1826 3866 qua

148 3882 270 3954 jusmodi
291 3881 369 3936 ducis
390 3880 479 3936 bonos
505 3885 582 3936 actus
608 3878 761 3936 offuscabat
781 3881 958 3955 negligentiae
1009 3874 1162 3933 obtinenda
1180 3884 1269 3946 erant,
1285 3877 1440 3934 obtinebat.
1460 3878 1521 3935 tam
1540 3878 1613 3936 mua
1632 3879 1791 3941 dilectione
1800 3891 1823 3940 et

150 3972 266 4028 maculis
285 3970 425 4028 saecularis
446 3970 608 4041 occupatio;
638 3970 703 4042 quia
717 3976 808 4024 tamen
833 3986 898 4044 erga
910 3970 958 4025 net
1009 3966 1195 4024 familiaritate
1211 3967 1370 4040 imperatori
1395 3969 1571 4040 conjunctus,
1589 3976 1619 4026 et
1633 3970 1743 4030 divinae
1757 3973 1821 4032 reli·

150 4058 278 4114 lamularn
303 4058 451 4114 affectuosa
473 4057 523 4113 luit
546 4058 606 4127 ejus
622 4057 745 4124 devotio,
765 4057 898 4113 credibile
912 4062 990 4132 estc
1004 4060 1096 4134 pionis
1110 4061 1195 4116 cultui
1211 4060 1332 4127 deditus,
1347 4076 1521 4133 quaecunque
1532 4061 1567 4117 ad
1584 4060 1821 4123 honoremetde·

149 4147 578 4222 quodmcritissanetaevirginis
591 4149 619 4202 in
639 4147 955 4220 presentisaeeulopec·
1005 4164 1097 4204 cerem
1113 4165 1163 4206 seu
1188 4150 1391 4208 munimentum
1414 4167 1472 4208 sua
1487 4158 1589 4208 sanctae
1606 4154 1701 4216 sedis.
1721 4156 1820 4212 Meten-

148 4238 217 4294 catis
231 4239 305 4294 illius
326 4238 409 4293 alteo
424 4234 507 4292 luerit
520 4236 687 4304 retaliatum,
703 4242 731 4291 et
746 4236 806 4292 loco
826 4245 854 4293 et
866 4236 954 4308 spatio
1005 4238 1076 4293 siunt
1100 4239 1209 4295 scilicet
1234 4239 1376 4308 Ecclesia,
1402 4249 1480 4297 eram
1498 4240 1625 4298 certatim
1641 4244 1818 4317 exquirebat,

147 4327 302 4400 poenitendi
318 4343 333 4381 a
352 4327 407 4383 lieo
421 4324 473 4380 sibi
491 4324 607 4390 indulto,
626 4324 726 4379 animae
745 4325 806 4395 ejus
819 4326 848 4380 in
862 4324 954 4383 lutura
1005 4334 1032 4384 et
1045 4335 1075 4383 ut
1096 4327 1246 4386 ellioaciter
1261 4331 1332 4387 votis
1351 4331 1411 4402 ejus
1426 4338 1524 4388 cuncta
1547 4340 1748 4405 suppeterent,
1762 4351 1818 4392 cor·

146 4418 182 4474 sit
206 4419 372 4476 consultum.
393 4418 604 4481 drasamundus
629 4425 732 4484 autem,
759 4416 806 4489 qui
833 4417 954 4473 edietum
1004 4433 1102 4490 pamm
1121 4427 1279 4476 sanctorum
1294 4419 1443 4476 maximam
1457 4421 1611 4493 copiamex
1626 4422 1752 4482 dirersis
1766 4426 1817 4483 lta·

145 4511 193 4567 Dei
208 4510 375 4583 contempsit
389 4510 520 4566 dicentis:
544 4510 655 4565 Honora
678 4515 784 4578 patrem
815 4514 900 4575 taum,
925 4516 953 4565 at
1003 4508 1140 4578 liaelocis,
1160 4510 1254 4567 divina
1268 4527 1298 4566 se
1313 4511 1402 4588 gratia
1423 4512 1571 4582 adjuvante
1585 4512 1716 4591 collegit,
1739 4526 1769 4575 et
1782 4518 1819 4573 di·

144 4609 182 4663 sis
196 4606 332 4674 banacas
346 4621 429 4675 super
441 4610 554 4672 terrain,
566 4619 621 4661 non
635 4601 957 4678 elingitbeivindictam
1008 4601 1098 4677 pulcri
1113 4602 1188 4659 cultu
1212 4609 1295 4677 atque
1309 4604 1414 4659 bonore
1436 4603 1503 4660 alibi
1527 4609 1713 4677 prestantius
1733 4626 1818 4668 rena

143 4696 211 4752 Nam
227 4696 365 4752 rebellans
379 4705 474 4752 contra
489 4712 581 4769 regern
598 4695 809 4762 Liutbrandum,
826 4694 958 4751 duratum
1008 4695 1094 4752 randa
1104 4693 1194 4749 eidem
1206 4710 1263 4749 sure
1275 4699 1376 4749 saneta
1389 4694 1449 4750 sedi
1462 4693 1578 4750 betensi
1593 4695 1692 4754 invehi
1703 4701 1816 4770 studuit,

143 4800 225 4857 quem
238 4785 308 4857 patri
324 4785 504 4856 praeripuerat
520 4783 630 4840 tandem
651 4784 784 4855 perdidit,
799 4790 827 4839 el
850 4784 876 4838 in
892 4785 950 4840 cle·
1001 4795 1028 4844 et
1049 4784 1077 4839 in
1092 4783 1219 4850 ecclesia,
1249 4783 1277 4838 in
1296 4783 1402 4840 bonore
1417 4783 1505 4841 sancti
1522 4784 1665 4843 vincentii
1682 4788 1777 4848 levita
1791 4797 1815 4847 et

142 4873 228 4930 riuum
251 4879 419 4939 tonsuratus,
447 4873 612 4928 sententiam
628 4889 709 4946 quarn
738 4871 807 4943 patri
835 4888 887 4929 suo
903 4874 948 4928 in·
1000 4875 1127 4945 martyris
1142 4889 1201 4929 ase
1217 4873 1247 4927 in
1271 4872 1365 4928 insula
1380 4871 1496 4929 iletensi
1523 4872 1641 4932 landate
1661 4877 1813 4936 honorilice

141 4961 249 5018 flixerat
272 4969 300 5017 et
316 4961 374 5032 ipse
390 4963 507 5032 excepit.
537 4961 636 5017 Civitas
651 4976 715 5016 vero
732 4959 857 5017 Curinus
873 4963 947 5034 quod
998 4968 1162 5025 recondidit.
1186 4967 1219 5023 lit
1233 4967 1307 5025 inter
1323 4975 1425 5026 cetera
1440 4975 1601 5026 sanctorum
1616 4972 1740 5046 pignora
1756 4991 1813 5049 qua

139 5052 385 5126 lueritantiquitus
399 5052 489 5107 valida
503 5054 600 5120 muris,
615 5060 643 5109 ct
668 5053 750 5124 plena
775 5053 888 5115 divitiis,
918 5061 947 5110 et
996 5060 1129 5118 laudabili
1144 5059 1296 5131 eupiditate
1311 5060 1500 5132 undecunque
1514 5060 1568 5117 sibi
1582 5067 1742 5138 congessit,
1755 5075 1812 5124 tan.

139 5155 330 5215 expertarum
344 5140 476 5206 carmine,
494 5147 521 5195 et
535 5157 568 5196 ex
579 5141 757 5197 historiarum
768 5140 823 5197 lide
838 5142 944 5198 discere
994 5152 1058 5210 dem
1074 5168 1173 5228 magna
1186 5157 1214 5206 et
1227 5151 1391 5209 universatis
1415 5151 1545 5209 ilecissiae
1563 5154 1734 5215 celebritate
1754 5177 1810 5215 mc.

138 5238 226 5294 lector
247 5236 355 5309 poterit.
373 5234 455 5305 Cujus
476 5234 649 5291 nobilitatem
665 5235 777 5291 adauxit
794 5236 860 5292 satis
888 5236 944 5292 dux
993 5241 1137 5298 morabilis
1150 5240 1228 5314 virgo
1245 5246 1274 5296 et
1292 5247 1395 5312 martyr
1411 5241 1495 5298 Lucia
1507 5241 1646 5314 Syracusa
1658 5248 1696 5302 ad
1709 5248 1809 5306 aridis·

137 5328 310 5395 faroaldus,
338 5328 403 5383 dum
444 5326 472 5380 in
499 5342 558 5381 eam
584 5335 685 5384 sanctae
712 5328 827 5403 virginis
854 5329 942 5383 Lneiae
995 5331 1093 5386 simam
1106 5330 1165 5399 eius
1175 5329 1351 5388 devotionern
1363 5330 1502 5402 pervenit.
1518 5331 1586 5388 Earn
1602 5337 1733 5406 praedicti
1744 5355 1809 5414 praa⁴

136 5418 274 5474 transtulit
293 5432 402 5487 corpus.
428 5415 511 5484 Cujus
531 5415 613 5471 beato
637 5417 752 5490 pignore
777 5432 827 5487 per
853 5432 941 5472 annos
995 5418 1063 5475 sulis
1077 5417 1220 5490 presbyter
1241 5417 1412 5492 Uvigericus,
1427 5418 1468 5475 vir
1482 5420 1550 5477 satis
1565 5428 1633 5479 tutae
1648 5423 1730 5496 lidei,
1747 5436 1807 5485 tunc

135 5511 245 5568 circiter
259 5512 394 5568 ducentos
408 5510 503 5584 gavisa
517 5517 568 5579 est,
593 5512 683 5568 donec
697 5511 805 5583 etipsa,
819 5512 941 5584 peccatis
990 5509 1120 5579 cantoris,
1137 5518 1200 5581 post
1214 5509 1338 5566 custodis
1351 5509 1476 5567 ecelesia
1501 5510 1576 5569 beati
1591 5513 1731 5589 Stephani
1743 5517 1805 5579 oili·

134 5602 320 5678 exigentibus,
339 5620 401 5660 curn
420 5603 482 5659 aliis
504 5603 589 5659 ltalia
611 5603 737 5673 urbibus,
760 5604 939 5661 barbarorum
990 5606 1062 5662 cium
1078 5620 1190 5680 gerens,
1205 5606 1240 5660 ab
1263 5605 1333 5663 urbe
1351 5603 1451 5663 Corfini
1474 5605 1586 5679 detulit,
1604 5613 1656 5684 qui
1680 5630 1715 5672 aa
1732 5627 1806 5672 saera
