3720 6014
132 165 187 225 203
342 198 346 203 ,
737 157 908 213 sicennam
933 157 1194 216 capuanensis.
1479 127 1483 135 ⁸
1743 175 1799 232 aot

132 297 185 352 ‹lus
199 295 229 351 fit
243 295 393 367 opiscopus
408 290 631 357 Laodicensium
654 290 728 362 qnod
752 290 830 362 quasi
845 289 939 345 labala
951 296 976 362 Α
990 292 1087 346 orandi
1102 268 1204 367 genere
1226 294 1368 362 laborarit,
1385 297 1473 353 alonec
1486 299 1539 354 sibi
1568 301 1749 373 revelaretur,
1773 322 1804 362 se

134 379 939 453 intlaeatromundiluit,quadrarexbnmillimoetpan-
991 402 1039 456 pro
1065 387 1113 442 itto
1139 389 1297 444 exauditum
1324 407 1395 447 0530,
1431 394 1476 458 (Α,
1509 395 1602 467 Μ.)
1632 398 1803 473 paginardus

134 478 254 549 perrimo
275 475 383 530 servilis
409 474 578 531 conditionis
603 489 705 546 genere
733 472 853 529 dominis
881 471 939 527 suis
991 479 1200 534 Laodicensium
1227 482 1373 538 mainan„
1396 485 1554 556 eppsmus,
1580 489 1627 560 qui
1651 490 1744 546 Lemni
1774 494 1802 548 in

133 556 294 626 {urnalibus
307 568 502 624 dominabatur
516 566 598 636 (init).
991 575 1084 623 rnonte
1101 569 1209 639 publico
1234 571 1380 626 cenobium
1397 575 1485 629 sancti
1511 575 1651 634 laurentii
1669 580 1800 649 institnit,

172 663 249 721 tent.
289 663 321 719 R.
343 661 388 717 ae.
427 661 455 717 F.
477 661 520 716 te.
994 657 1075 728 eique
1090 658 1258 728 Stephanum
1284 660 1371 715 sirum
1393 669 1495 719 sancte
1515 669 1800 726 memoriaeubbatem

169 757 263 826 (Bato.
293 771 333 821 ur,
362 753 419 821 36.)
448 751 611 827 Aquisgraui
640 756 776 808 conventu
801 750 886 825 regali
915 757 943 805 et
995 748 1113 819 primum
1129 749 1254 821 prefecit.

134 847 261 918 syraodali
278 862 327 918 per
341 845 446 916 aliquot
461 844 521 898 dies
536 843 685 909 celebrato,
699 850 774 898 tanta
788 843 896 898 siccitas
916 849 943 896 et
1031 839 1126 895 tete«
1218 844 1245 897 2.
1357 846 1400 902 30,

118 938 313 1010 ‘intemperies
339 936 411 991 aeris
430 935 587 1001 excanduit,
618 941 646 990 ut
668 935 746 990 multi
774 951 829 1006 prae
855 933 942 988 nimio
1030 929 1176 986 llotbertus
1200 949 1245 986 res
1266 933 1430 991 Francorum
1447 939 1482 992 atl
1498 939 1681 997 invadendam
1703 943 1803 1001 Lotba-

136 1023 412 1091 aralorodeficerent,
436 1024 521 1080 multa
542 1024 623 1080 etiam
638 1024 768 1079 animalia
781 1023 874 1089 subito
889 1023 941 1077 de·
994 1022 1110 1094 ringiam
1138 1024 1260 1080 animum
1276 1026 1404 1094 intendit,
1432 1031 1550 1089 sedcito
1570 1034 1604 1088 ab
1623 1035 1676 1090 boc
1700 1048 1803 1092 conatu

136 1123 260 1188 licerent,
281 1121 439 1192 parimento
470 1127 496 1175 et
522 1119 686 1176 marmoreis
705 1117 842 1175 columnis
867 1125 942 1201 nuto
993 1111 1098 1166 destitit
1125 1113 1208 1184 (232).
1225 1115 1375 1172 Gotbelone
1396 1119 1477 1190 duce,
1493 1123 1553 1194 ¹qui
1569 1132 1682 1195 propter
1709 1143 1804 1197 pne-a.

136 1215 249 1270 madore
261 1212 435 1279 sudantibus,
450 1219 480 1267 ut
490 1229 560 1284 aqna
571 1227 633 1268 esse
647 1227 773 1283 respersa
783 1210 943 1267 crederetur
992 1214 1049 1261 tum
1064 1207 1158 1262 odium
1173 1209 1246 1278 (233)
1270 1213 1398 1285 gravabat
1415 1230 1528 1286 regnum
1549 1217 1678 1285 Conradi,
1696 1228 1724 1275 et
1739 1220 1804 1276 aliis

136 1319 151 1357 a
167 1301 367 1358 nescientibus,
994 1293 1167 1364 principibus
1185 1297 1218 1350 ad
1244 1299 1320 1368 pacis
1336 1301 1469 1357 unitatem
1490 1305 1616 1361 adductis
1644 1306 1726 1378 etat),
1744 1310 1801 1384 regi

175 1394 253 1452 1133,
338 1378 389 1448 'pp
480 1392 526 1448 27,
993 1384 1162 1454 prosperitas
1172 1394 1199 1441 et
1211 1401 1296 1460 reguo
1311 1390 1431 1446 accrevit
1446 1394 1643 1464 tranquillitas.

171 1486 233 1556 (lb.)
267 1485 409 1540 deiuricus
432 1483 593 1555 imperator,
621 1483 768 1540 lietbertus
794 1499 841 1540 rex
861 1484 942 1539 Fran.
1029 1474 1108 1531 tona.
1216 1478 1244 1532 3.
1355 1482 1399 1538 31.

136 1593 326 1647 (opumsupgp
345 1574 443 1631 Karum
466 1575 580 1630 fluvium
595 1575 667 1645 apud
683 1574 811 1630 Evosium
839 1590 941 1631 conve·
1028 1567 1522 1638 (lblCuouradnsrentiliumsuum
1540 1574 1802 1636 lleinricnrnadhuc

137 1670 227 1734 uiant,
243 1668 277 1722 de
292 1675 363 1723 statu
380 1666 522 1733 aecclesiae,
533 1666 611 1742 regui
626 1673 652 1720 et
665 1667 773 1737 imperii
784 1666 940 1732 tractaturi;
993 1672 1109 1727 puerum
1126 1657 1152 1712 in
1176 1672 1291 1730 reguum
1315 1659 1445 1716 sublimat
1458 1663 1544 1734 Aquis
1571 1664 1655 1735 (¹35).
1685 1668 1749 1739 lpse
1773 1669 1802 1724 iu

137 1766 164 1812 et
179 1756 316 1822 condicto,
334 1764 363 1810 ut
377 1754 515 1826 superbis
529 1754 726 1810 confirmandis
744 1753 826 1808 ctiam
843 1770 940 1825 papam
992 1746 1094 1816 pascha
1111 1745 1202 1802 Roma·
1218 1747 1245 1801 in
1261 1747 1454 1820 imperatorem
1471 1763 1659 1823 consecratus,
1672 1773 1801 1830 quorun-

139 1847 290 1903 liomannm
306 1844 387 1899 simul
403 1843 484 1900 anrbo
496 1843 585 1913 Papiae
600 1851 735 1914 oportune
750 1843 940 1909 convenirent,
991 1838 1053 1892 dam
1069 1838 1198 1893 italorum
1212 1847 1308 1895 eontra
1330 1858 1361 1896 se
1376 1843 1555 1900 sentientium
1571 1855 1661 1903 motus
1686 1865 1801 1922 compc-

138 1941 288 2011 imperatur
300 1955 391 2013 regem
417 1946 444 1993 et
463 1954 540 2004 suos,
557 1938 656 1992 multos
675 1938 757 1992 etiam
772 1938 818 2010 qui
835 1945 939 1993 tantum
990 1927 1050 1982 scit.
1075 1927 1201 1984 Florebat
1216 1930 1267 1985 hoc
1287 1937 1412 2002 tempore
1426 1933 1620 1991 aecclesiastica
1636 1937 1736 2014 religio
1753 1955 1804 2010 per

138 2031 171 2085 ad
187 2029 375 2085 demirandam
394 2027 597 2099 imperatoriam
615 2028 785 2096 majestatem
802 2044 943 2084 consone·
993 2017 1108 2072 abbatas
1122 2018 1318 2074 nominabiles:
1330 2021 1358 2075 in
1370 2021 1485 2078 Francia
1498 2025 1610 2096 qtridem
1626 2033 1655 2082 et
1669 2027 1799 2104 Burgun-

139 2132 208 2191 raut,
226 2131 298 2179 tanta
327 2122 490 2178 liberalitate
513 2122 636 2188 donarit,
661 2128 691 2177 ut
717 2123 819 2193 opibus
846 2138 941 2197 regum
995 2109 1104 2179 (iiil’er
1125 2110 1269 2165 Odiiffllssm
1301 2112 1508 2170 Cluniaoessseffl
1532 2116 1634 2187 Piiiaie
1652 2118 1803 2194 insignem·

141 2219 281 2271 Persarum
312 2225 358 2270 aua
386 2215 503 2269 prabum
533 2215 797 2285 p0550100mpmf1
825 2195 962 2286 impera)
995 2199 1801 2278 perduilolmumDivionensemsoseritatereverendum

138 2307 206 2363 toris
231 2305 429 2362 munificentia.
456 2307 484 2360 ln
514 2306 614 2376 pascha
641 2305 753 2376 eclipsis
777 2305 844 2361 solis
872 2305 944 2362 lacta
995 2289 1022 2341 iu
1044 2289 1221 2364 L⁰¹i¹flsi¹¹llif¹
1250 2306 1300 2361 Pel
1326 2290 1490 2348 Rissilaidllffl
1512 2295 1724 2367 Viidflsseflsefflr
1757 2300 1804 2371 Pia

139 2405 194 2454 est,
995 2384 1129 2459 gravitate
1144 2392 1171 2438 ct
1184 2385 1259 2459 gravi
1276 2386 1380 2457 pietate
1407 2387 1569 2460 discretum,
1590 2410 1642 2465 per
1663 2395 1804 2467 Poponem

174 2487 254 2543 teat.
346 2486 390 2544 22.
482 2484 526 2541 28.
997 2477 1204 2544 stabulensem,
1232 2495 1282 2550 per
1310 2479 1413 2536 lleliam
1442 2481 1636 2541 coloniensem
1666 2486 1726 2553 ²¹⁷,
1754 2502 1806 2559 per

174 2577 318 2633 lleinricus
332 2575 483 2648 imperator
497 2576 707 2633 consulentibus
728 2594 758 2634 se
774 2578 947 2650 principibus
996 2569 1136 2626 elbertum
1148 2579 1175 2626 at
1190 2572 1358 2642 Stephanum
1374 2573 1569 2647 leodicenses,
1584 2594 1635 2650 per
1645 2578 1801 2636 lternonem

136 2682 218 2737 snper
231 2665 424 2721 substitutione
445 2665 679 2740 reguidesignaus
693 2667 763 2737 (229)
781 2667 946 2734 conradum,
998 2666 1173 2740 augiensem.

136 2756 224 2811 virum
240 2755 308 2830 regii
323 2755 434 2830 generis
446 2762 473 2810 et
488 2755 607 2830 egregiae
618 2755 766 2819 libertatis,
780 2755 886 2827 qnippe
899 2756 946 2827 qni
1033 2755 1112 2810 tens.
1221 2756 1250 2809 l.
1358 2755 1404 2812 32.

136 2856 277 2911 nunquam
299 2857 328 2896 se
341 2842 507 2898 submiserat
520 2843 636 2913 alicujus
659 2844 792 2908 servituti,
819 2844 945 2901 moritur.
1032 2841 1133 2897 Claruit
1158 2843 1211 2898 lroo
1234 2851 1358 2914 tempore
1381 2845 1410 2899 in
1442 2845 1519 2903 ltalia
1548 2845 1637 2903 Guido
1663 2847 1804 2915 dratinus,

137 2932 221 3002 llujns
245 2934 327 2989 sitam
347 2935 516 2990 adelboldus
547 2937 695 3009 episcopus
718 2937 945 3006 Vultrajecteusis
995 2934 1073 2988 inulti
1094 2933 1167 2988 inter
1181 2934 1301 2989 musicos
1316 2936 1447 3004 norniuis,
1462 2937 1490 2991 iu
1506 2938 1654 2995 boeotiam
1677 2940 1804 3011 pbiloso-

136 3026 245 3096 seripsil
288 3025 362 3083 Ceno
384 3028 439 3082 dux
467 3037 619 3099 prepotens
641 3045 704 3085 cum
732 3031 766 3086 ad
795 3008 1056 3102 imperiumcpltis
1077 3021 1268 3093 preferendus,
1285 3024 1359 3096 qued
1385 3026 1496 3098 ignotos
1511 3035 1608 3084 cantes
1623 3029 1707 3085 eliam
1723 3031 1804 3102 pueri

136 3117 258 3187 aspirare
272 3117 365 3185 vellet,
377 3118 538 3188 repudiatur
551 3120 683 3175 instinctu
694 3119 811 3176 arbonis
826 3120 943 3194 lingnu-
994 3114 1103 3170 facilius
1117 3115 1228 3171 discunt
1242 3131 1292 3187 per
1306 3118 1367 3186 ejus
1386 3120 1521 3193 regulam,
1536 3135 1618 3192 quam
1635 3136 1685 3192 per
1703 3136 1803 3178 vocem

139 3198 187 3263 ridi
203 3207 405 3281 archiepiscopi
421 3219 448 3264 et
463 3209 617 3281 aliquorum
636 3200 716 3285 regni
733 3212 899 3282 primatum;
917 3219 944 3267 et
994 3203 1119 3276 magistri
1134 3211 1181 3259 am
1205 3221 1255 3276 per
1273 3221 1354 3260 nsum
1377 3207 1495 3278 alicujus
1520 3208 1711 3279 instrumenti;
1740 3211 1806 3266 dum

140 3298 279 3356 Conradns
303 3299 499 3372 adimperium
529 3301 705 3369 sublimatus,
734 3301 944 3373 imperavitan-
995 3292 1155 3348 seulitteris
1180 3293 1224 3348 sel
1243 3293 1350 3349 sillabis
1374 3295 1536 3351 modulatim
1558 3297 1694 3369 appositis
1708 3299 1743 3354 ad
1758 3314 1805 3354 sex

140 3389 183 3446 nis
201 3392 243 3445 15.
995 3397 1086 3437 voces.
1104 3396 1173 3453 quas
1185 3382 1258 3438 solas
1269 3383 1431 3455 regulariter
1448 3384 1553 3440 musica
1578 3386 1687 3457 recipit,
1704 3387 1804 3459 bisque

176 3478 255 3534 1025.
369 3487 391 3535 ι.
500 3480 544 3537 ee,
995 3473 1109 3530 uocibus
1125 3490 1173 3545 per
1184 3474 1303 3530 flexuras
1327 3475 1475 3550 digitorum
1498 3478 1566 3532 levae
1582 3493 1680 3533 manus
1702 3479 1807 3535 distin·

174 3569 319 3626 dolranues
344 3571 503 3629 Portueusis
522 3572 679 3644 episcopus,
710 3573 793 3627 irater
811 3570 944 3642 Stephani
996 3563 1057 3629 alia,
1073 3579 1122 3634 par
1136 3564 1273 3639 integrum
1288 3565 1422 3636 diapason
1436 3581 1466 3622 se
1479 3566 1567 3622 oculis
1590 3574 1617 3622 et
1633 3567 1748 3623 auribus
1767 3569 1807 3624 in-

141 3677 217 3731 papae
233 3677 322 3731 nuper
334 3661 457 3716 deiuncti
473 3662 556 3730 (Rea,
571 3662 692 3733 presidet
703 3662 831 3717 ltomauae
847 3661 944 3716 aeccle·
995 3665 1095 3730 gerunt
1122 3657 1234 3712 intentae
1258 3665 1286 3712 et
1312 3659 1433 3714 remissae
1448 3659 1617 3716 elevationes
1635 3660 1679 3716 vel
1693 3661 1805 3733 deposi-

140 3764 187 3801 sur
201 3749 291 3804 tibus.
313 3750 359 3815 (V,
381 3749 463 3817 Odit)
484 3749 552 3804 lluic
580 3750 737 3821 Stephanus
766 3766 836 3821 papa
862 3748 947 3805 irater
997 3750 1086 3806 tiones
1100 3751 1249 3807 earundem
1264 3767 1434 3808 sexaocum.

140 3852 206 3890 suus
229 3836 302 3905 (23¹)
330 3851 478 3906 apparens,
503 3836 572 3891 dixit
594 3854 623 3892 se
653 3837 836 3892 infernalibus
857 3838 947 3908 poeuis
1032 3843 1111 3897 tene.
1222 3843 1247 3900 5.
1358 3845 1402 3900 33.

140 3928 266 3992 reiterari,
282 3927 332 3982 sed
352 3944 465 3998 sperare
479 3944 509 3984 se
525 3931 683 3985 interventu
704 3929 948 3986 0dilonisabbatis
1034 3935 1096 4004 (lb.)
1117 3933 1276 3990 Cuonradns
1297 3935 1448 4006 imperator
1471 3938 1670 3994 rebellantibus
1692 3939 1808 4008 Sclaris,

141 4017 249 4073 reniam
266 4033 348 4090 posse
362 4018 506 4092 consequi.
523 4020 574 4077 Pro
594 4036 649 4093 quo
669 4020 746 4077 edito
763 4021 857 4076 tandiu
872 4022 948 4078 omni
998 4023 1032 4077 ad
1052 4038 1101 4078 eus
1113 4022 1295 4080 debellandos
1310 4023 1492 4095 proficiscitur
1509 4026 1593 4098 (236.)

815 4143 924 4199 l'alllAE
940 4143 1132 4200 salmones,

178 4213 211 4247 ²¹⁷
257 4214 336 4286 pia·
350 4213 407 4272 Col.
421 4215 518 4271 desunt
533 4217 564 4284 l.,

922 4316 1025 4374 ΝΟΜ.

176 4426 248 4497 (228)
269 4425 330 4482 llaec
344 4427 462 4497 sumpsit
480 4424 640 4502 sigebertus
658 4440 691 4482 ex
706 4441 786 4483 sersu
802 4426 946 4498 epitaphii,
959 4431 1048 4499 Dpcr
1060 4429 1172 4497 speciem
1186 4431 1324 4483 nocturnae
1333 4428 1446 4482 visionis
1458 4430 1591 4497 opputatit
1605 4433 1657 4484 etc.
1683 4434 1711 4484 et
1723 4430 1807 4500 paulo

142 4513 196 4569 quo
210 4497 371 4569 Stephanus
386 4499 472 4554 abbas
485 4499 512 4556 S.
526 4498 663 4554 Laurentii
675 4499 810 4554 tumulum
826 4499 948 4554 [iurandi
1000 4505 1075 4568 post:
1092 4501 1218 4553 Protinus
1246 4498 1317 4552 idem
1331 4499 1448 4553 Jouaaes
1468 4502 1624 4555 Poctanensis
1649 4502 1805 4570 episcopas,

142 4572 332 4623 decoraverat:
998 4572 1169 4624 auctoritatis
1179 4569 1332 4639 apostolicae
1345 4571 1432 4637 santus
1451 4572 1582 4641 epistolis,
1598 4574 1702 4627 condio
1714 4573 1805 4639 preda

140 4641 270 4707 Pauperis
285 4641 315 4694 in
329 4639 393 4694 aido
404 4641 557 4711 patrimoni
572 4645 652 4696 ructus
666 4645 692 4697 et
704 4642 787 4709 altas,
997 4641 1113 4710 Pupiam
1127 4656 1211 4710 usquc
1221 4644 1358 4710 pertinuit:
1377 4640 1452 4696 unde
1468 4641 1495 4696 Si
1517 4640 1632 4698 ebertus
1647 4640 1741 4697 videre
1757 4658 1808 4715 po·

176 4712 407 4778 licentiosammos
423 4713 510 4768 euolat
524 4712 561 4767 od
571 4727 703 4782 proceres.
998 4718 1078 4778 terat,
1101 4711 1234 4767 loannem
1252 4711 1284 4765 lli
1300 4721 1328 4766 et
1340 4711 1473 4766 loannem
1494 4657 1676 4769 iortuensem
1693 4713 1806 4785 opisco-

141 4779 210 4847 Qnos
222 4783 323 4836 tutent
337 4782 469 4849 dominos,
484 4783 589 4838 hisdem
602 4784 801 4851 sumumatibns
814 4797 889 4846 osus,
997 4798 1061 4853 pum
1081 4783 1151 4838 duos
1166 4782 1260 4837 fuisse.
1282 4781 1415 4838 Caeterum
1428 4782 1549 4839 loannes
1560 4784 1617 4853 jam
1634 4800 1731 4840 meuse
1750 4786 1804 4841 An·

174 4857 207 4906 la
222 4853 429 4908 tlteotromumii
442 4855 540 4922 {adala
550 4859 652 4924 puoato
663 4853 738 4922 fuiti
794 4851 943 4909 lllltSCll.
1017 4861 1078 4910 usto
1098 4869 1123 4909 a.
1140 4854 1210 4909 leel
1224 4854 1329 4910 electus
1341 4852 1402 4922 init,
1418 4869 1474 4910 nou
1493 4870 1519 4910 a.
1545 4855 1624 4921 teni,
1652 4861 1683 4911 ut
1709 4862 1806 4913 noster

175 4922 249 4992 (2295
264 4923 321 4979 lloc
334 4923 415 4980 ualde
433 4924 560 4981 dubium.
577 4925 615 4981 et.
640 4925 749 4982 Steuzel
778 4925 944 4981 Praulisebc
996 4869 1089 4981 iuuet.
1208 4994 1214 5005 .
1500 4996 1506 5008 ⁸
1596 4995 1602 5008 ·
1656 4997 1662 5008 Ι

140 4992 242 5058 Kaiser,
258 5011 278 5057 r,
298 4993 325 5050 9.
1029 4995 1100 5064 (231)
1111 4994 1291 5051 Benedictum
1306 4993 1364 5051 lllll
1378 4994 1462 5053 babet
1476 4996 1537 5053 lltta
1553 4995 1689 5054 0drlonrs.

174 5065 243 5136 (⁶230)
269 5065 386 5122 Falsum.
415 5065 510 5138 lleqne
536 5064 695 5122 Portuensis
717 5065 865 5148 episcopus
892 5064 943 5122 tuit
1029 5065 1100 5137 (232)
1117 5068 1148 5120 lt.
1165 5066 1236 5122 1025
1382 5136 1386 5143 .

138 5133 259 5194 loannes
274 5138 318 5204 lll,
334 5153 386 5193 nec
400 5137 483 5192 trater
493 5138 637 5208 Stephani,
653 5137 702 5192 sed
716 5137 856 5194 Benedicti
873 5136 941 5191 llltl.
1029 5138 1102 5263 imi
1121 5136 1263 5194 conradus
1278 5154 1339 5194 cum
1355 5137 1438 5195 iratre
1453 5139 1514 5209 ejus
1528 5137 1679 5196 Godelrido
1700 5137 1804 5196 bellurn

141 5205 235 5263 Petrus
249 5209 322 5264 enim
340 5208 487 5262 Damiaaus
505 5207 534 5261 in
554 5208 614 5262 Vitn
629 5208 657 5263 S.
674 5208 798 5264 0dilonis
812 5225 838 5265 c.
862 5207 889 5275 2,
904 5207 944 5262 di·
995 5210 1029 5264 lta
1050 5216 1137 5263 uerat.

140 5277 192 5331 cit:
208 5282 276 5334 Huic
296 5278 455 5348 (Berrodieto
469 5277 538 5346 lllll)
555 5279 639 5348 plone
650 5294 714 5334 moa
738 5284 769 5334 at
783 5280 860 5346 obiit,
881 5295 944 5348 per·
1030 5279 1136 5351 libita
1159 5279 1291 5407 uisgpani,
1304 5287 1373 5337 teste
1389 5280 1477 5347 natu,
1502 5296 1543 5348 tn,
1563 5283 1609 5364 etl.
1633 5280 1675 5339 lbi
1699 5280 1804 5340 Conra-

139 5352 305 5420 manassias
319 5353 435 5405 loortnes
449 5357 479 5403 tn
497 5349 942 5419 apostolicodpoitutesuecessit.
994 5352 1083 5417 dus,a
1113 5363 1118 5405 ι
1162 5353 1188 5413 5.
1227 5352 1419 5410 ataleltomini
1434 5352 1596 5410 celebrarat.

139 5419 199 5472 Jarm
214 5436 274 5474 uem
283 5425 429 5490 postquam
447 5420 660 5474 inmunisrabats
675 5425 814 5491 oaenrptus
832 5425 871 5476 est
882 5422 942 5492 jum
1028 5423 1102 5489 (235)
1114 5423 1169 5480 lloc
1187 5423 1316 5494 sequenti
1339 5424 1451 5481 demum
1473 5438 1547 5481 auno
1563 5423 1643 5490 ¹028,
1658 5425 1753 5498 April,
1769 5427 1803 5484 tt

140 5487 227 5544 dietus
243 5507 321 5561 pepo
334 5488 531 5561 (Benedictus,
546 5494 647 5546 loanni
658 5494 799 5545 Portoeasi
821 5495 942 5562 episeopo
994 5492 1104 5557 iactum,
1132 5509 1193 5548 uem
1203 5510 1304 5549 annum
1316 5495 1508 5553 lrabeatetiam
1521 5496 1590 5551 dun.
1606 5496 1802 5556 eeouieenau.

139 5561 236 5615 etatiis
255 5561 370 5628 duobus,
385 5577 500 5630 puerum
514 5566 627 5618 notitiae
639 5563 714 5617 stabis
728 5568 791 5616 noto
801 5578 853 5618 aon
868 5569 941 5630 suat,
1030 5564 1101 5636 (236)
1112 5511 1210 5621 ilense
1226 5565 1318 5622 lunio.
