3720 6014
140 213 192 273 667
754 210 926 268 stuaeuurt
945 207 1201 268 nantuacensis
1758 217 1813 273 668

139 348 182 398 εει
196 341 355 408 ascendere,
370 339 393 396 si
409 349 502 413 posset
524 341 601 397 illurn
624 341 766 417 religionis
777 340 894 418 gradum
906 344 949 396 at·
960 339 986 411 A
999 338 1131 409 patebant
1145 339 1272 409 luporum
1292 338 1432 395 morsibus
1452 339 1592 397 dominico
1607 341 1672 397 ovili
1696 341 1815 403 inclusit

139 432 401 509 tingere,adquem
419 432 623 505 omniquidem
640 432 732 488 ordini
752 431 946 488 aeclesiastico
999 429 1044 503 (cf.
1074 434 1161 487 Vitam
1179 435 1310 489 lobannis
1335 433 1505 504 doratensis).
1537 432 1730 490 Collaborabat
1757 433 1813 490 sibi

140 522 272 595 omniqua
291 529 407 580 terrenas
431 525 557 595 potestati
583 524 664 580 liceat
690 524 834 589 accedere,
855 539 870 577 a
892 538 947 595 quo
997 525 1033 583 ad
1060 528 1112 584 hoc
1137 528 1199 599 pius
1218 528 1375 584 Corzieusis
1392 527 1480 584 abhas
1507 532 1675 604 Agenoldus,
1697 538 1814 588 restau-

141 617 209 672 nulli
225 618 338 674 omnino
355 619 429 675 nulla
446 619 560 676 omnine
584 619 619 654 ⁸³³
638 618 784 676 occasione
803 618 885 674 liceat
900 617 949 671 im·
998 616 1092 672 randae
1107 623 1208 673 sanctae
1228 617 1371 691 religionis
1397 618 1506 688 adjutor
1533 626 1698 690 oportunus.
1716 621 1815 693 ltaque

141 728 215 783 punc
230 713 372 769 recedere.
397 715 532 769 Praeterca
551 713 593 768 vir
609 713 731 784 prodens
754 717 819 768 aute
833 717 861 767 et
876 718 949 767 retro
999 708 1142 780 extirpatis
1155 709 1261 766 nocivis
1272 709 1412 765 radicibus
1427 711 1462 765 de
1476 711 1606 767 dominici
1618 713 1691 769 horti
1708 711 1815 780 areola,

140 802 275 870 oculatus,
296 803 364 859 nihil
385 811 487 860 temere
508 810 535 860 et
555 804 708 875 improvide
728 803 780 859 sibi
810 801 948 877 agendum
1000 800 1171 856 Adelboroue
1196 801 1327 873 episcopo
1356 801 1508 874 plantante,
1530 804 1672 877 hgenoldo
1692 806 1816 881 rigante,

142 908 205 948 esse
220 895 380 951 attendebat
392 894 563 969 diligentius.
580 895 613 950 Ut
627 895 701 950 enim
715 892 950 949 athletastadium
999 888 1055 944 lieo
1082 897 1173 945 autem
1193 889 1407 961 incrementum,
1427 892 1519 955 dante,
1545 894 1711 949 crescebant
1732 894 1815 952 solito

142 982 284 1058 ingressus
306 985 424 1042 sollicite
444 985 604 1059 qualitatem
623 984 675 1041 loci
695 982 892 1054 circumspicit,
915 997 950 1036 uo
1000 975 1114 1032 uberius
1125 978 1257 1034 virtutum
1280 979 1424 1050 plantaria.
1447 981 1611 1053 Quicunque
1632 997 1700 1056 crgo
1734 982 1816 1038 abre·

143 1075 217 1146 quod
231 1073 426 1133 offendiculum
447 1076 502 1131 sibi
518 1075 650 1152 pugnanti
666 1076 709 1130 vel
730 1075 853 1131 currenti
866 1073 949 1139 obsit,
1001 1068 1162 1126 nuntiantes
1177 1070 1271 1126 seculo
1287 1085 1371 1125 suave
1386 1069 1486 1126 Christi
1505 1072 1603 1144 jugum
1617 1072 1717 1128 tollere
1733 1072 1815 1129 vole·

143 1164 220 1220 itaet
235 1165 281 1220 hic
291 1176 384 1221 noster
397 1166 500 1222 athleta
515 1166 731 1236 oportunitatem
747 1170 775 1219 et
789 1163 949 1235 qualitatem
1001 1158 1078 1225 hant,
1094 1174 1176 1230 quam
1195 1157 1276 1213 orites
1291 1166 1319 1213 et
1334 1159 1454 1213 humiles
1468 1160 1551 1215 cordo
1568 1160 1698 1231 exemplo
1716 1159 1815 1216 Christi

143 1255 196 1312 loci
218 1257 264 1312 nbi
280 1259 451 1329 prepositum
467 1275 546 1313 suurn
561 1273 659 1313 secure
674 1262 861 1328 exequeretur
872 1261 951 1310 caute
1002 1264 1063 1304 esse
1075 1248 1220 1335 deberent,
1240 1247 1286 1303 hic
1302 1246 1473 1304 ediscebant.
1497 1248 1660 1321 Quicunque
1686 1264 1723 1304 ex
1749 1245 1817 1305 mih·

143 1344 273 1417 dispexit,
296 1348 401 1403 scilicet
416 1347 464 1402 ubi
492 1363 544 1403 nec
558 1346 715 1420 indulgeret
729 1344 783 1399 sibi
806 1343 953 1414 disciplina
1003 1342 1054 1398 tari
1068 1341 1164 1397 habitu
1178 1341 1206 1396 in
1218 1342 1319 1397 timore
1335 1342 1444 1398 bomini
1460 1341 1650 1399 tortitudinem
1666 1358 1747 1398 suam
1755 1358 1816 1398 mu·

121 1426 125 1431 ¹
144 1440 297 1507 remissior,
309 1457 361 1497 nec
372 1458 420 1512 pro
432 1422 532 1497 iutuitu
548 1448 621 1496 notae
630 1439 783 1495 nobilitatis
794 1439 865 1494 malo
876 1439 954 1493 hlau-
1003 1431 1108 1499 tabant,
1125 1432 1170 1488 hie
1187 1432 1266 1504 quasi
1291 1432 1320 1486 in
1335 1448 1433 1503 campo
1455 1432 1541 1488 divini
1561 1432 1689 1503 tyrocinii
1705 1431 1817 1504 experi-

144 1528 251 1585 dirctur
263 1530 314 1584 sibi
329 1529 540 1586 honorificentia
558 1529 720 1601 impensior.
737 1528 864 1584 Timebat
878 1528 952 1583 enirn
1003 1531 1126 1579 mentum
1142 1525 1184 1579 sui
1200 1524 1357 1594 capiebant.
1372 1524 1534 1595 Quicunque
1554 1540 1587 1579 ex
1607 1523 1732 1579 clericali
1746 1530 1819 1579 sorte

146 1636 181 1675 ne
200 1621 253 1675 sibi
273 1622 411 1678 diceretur
434 1639 450 1678 a
468 1623 600 1678 Domino:
627 1625 736 1678 aetna-m
759 1622 862 1677 calidas
889 1636 956 1676 esses
1006 1615 1041 1670 ad
1056 1616 1182 1672 altiorem
1198 1615 1362 1670 humilitatis
1376 1615 1492 1690 gradum
1510 1615 1643 1685 optabant
1656 1614 1818 1680 ascendere,

145 1715 195 1764 aut
206 1712 336 1779 frigidos!
348 1713 392 1767 scd
404 1716 468 1782 quio
483 1715 585 1784 tepidas
598 1728 634 1780 cs,
651 1715 781 1783 incipiam
801 1718 825 1766 te
839 1662 993 1766 ευοιιιενεΒ
1007 1705 1051 1762 hic
1065 1721 1128 1762 curn
1153 1705 1239 1761 Jacob
1259 1720 1315 1761 neu
1340 1705 1369 1759 in
1396 1703 1501 1760 somnis
1525 1703 1575 1760 sed
1599 1719 1696 1759 revera
1719 1703 1819 1759 scalam

144 1813 179 1854 ea
192 1814 236 1854 ore
247 1815 304 1855 racc
317 1801 407 1871 (Apoc-
428 1819 468 1867 ιιι,
484 1803 536 1870 lb).
557 1802 682 1857 Timebat
701 1800 799 1869 etiam,
821 1816 867 1868 ne,
884 1800 956 1855 sieut
1007 1801 1093 1858 eoelos
1107 1802 1287 1876 attingentem
1303 1802 1479 1856 merebantur
1488 1799 1593 1867 videre,
1608 1816 1659 1871 per
1671 1815 1756 1871 quam
1770 1814 1819 1854 au·

147 1886 193 1942 illc
207 1888 254 1960 qui
267 1896 363 1945 contra
377 1890 487 1945 llautem
503 1899 616 1946 ventum
637 1889 719 1945 tiores
739 1895 843 1960 portat,
874 1889 956 1944 ctiam
1006 1889 1820 1967 galosascendcutesetdesceudentesposscutvideretdcn.

147 1975 208 2047 ipse
219 1976 350 2033 inanitate
360 1978 394 2012 ⁸³⁴
405 1978 534 2034 clationis
545 1978 668 2046 iubatus,
681 1980 813 2034 collectos
826 1977 955 2032 virtutum
1007 2001 1101 2053 xxvru,
1117 1985 1172 2056 rt).
1198 1984 1263 2039 Cum
1290 1999 1356 2058 ergo
1376 1983 1422 2038 hic
1444 1990 1535 2039 tantus
1549 1991 1652 2038 sanetae
1677 1979 1823 2054 roligionis

149 2066 232 2123 liores
247 2069 386 2139 perderet,
407 2076 434 2125 et
448 2070 526 2142 quasi
542 2070 663 2142 pulveris
678 2071 808 2144 squalore
836 2067 958 2125 soeditate
1008 2074 1101 2131 servor
1115 2081 1169 2130 tarn
1187 2077 1268 2148 longe
1287 2083 1315 2130 ct
1329 2081 1384 2129 tam
1400 2074 1454 2129 late
1475 2073 1575 2129 caloris
1591 2072 1633 2128 sui
1649 2069 1819 2126 diffunderet

151 2157 296 2228 apostasia
310 2158 434 2214 sorderet
449 2169 477 2214 et
491 2160 642 2216 caecutiret.
1009 2166 1145 2231 flammas,
1158 2167 1202 2223 hic
1212 2167 1246 2223 ad
1258 2167 1433 2239 disciplinam
1441 2166 1548 2223 bomini
1560 2164 1652 2221 omnis
1663 2161 1822 2221 confluebat

186 2249 213 2303 8.
228 2246 350 2319 lienique
365 2248 493 2303 columba
508 2247 606 2303 Christi
622 2248 720 2305 nolens
734 2247 839 2302 diutius
855 2245 960 2302 involvi
1011 2257 1149 2324 nobilitas,
1161 2257 1253 2313 omnig
1266 2256 1397 2330 dignitas,
1411 2256 1502 2312 omnis
1517 2256 1577 2311 sine
1590 2270 1775 2327 personarum
1784 2253 1825 2308 di.

152 2342 301 2397 mundanis
327 2342 562 2411 fluctuationibus,
583 2343 648 2398 dum
674 2357 730 2397 non
753 2341 891 2399 inveniret
910 2340 958 2396 ubi
1011 2345 1292 2417 serationeprolessio
1302 2345 1484 2401 concurrebat
1493 2351 1602 2401 etaetas.
1612 2345 1823 2416 Necquisquam

152 2432 338 2505 requiesceret
353 2450 401 2505 pcs
416 2435 486 2506 ejus,
512 2435 581 2490 adiit
597 2435 708 2490 archam
724 2439 846 2506 paratam
873 2433 960 2488 alito
1011 2438 1054 2496 vel
1080 2437 1188 2494 initium
1202 2437 1392 2493 conversionis
1406 2452 1435 2493 se
1451 2436 1584 2494 credebat
1604 2436 1768 2509 arripuisse,
1785 2430 1831 2501 cui‘

153 2526 303 2581 multorum
317 2527 408 2592 saluti,
429 2527 535 2583 scilicet
560 2528 705 2583 claustrum
728 2525 884 2582 Corzieusis
900 2539 956 2581 coe·
1011 2542 1068 2583 noa
1082 2527 1237 2600 contigerat
1253 2525 1393 2581 Gorzieusi
1419 2526 1514 2599 regula
1529 2525 1670 2580 initiatum
1687 2541 1763 2580 esse.
1782 2524 1827 2580 llic

154 2615 241 2670 uobii.
272 2615 301 2669 ld
317 2617 475 2672 caenobium
488 2618 553 2674 olim
573 2618 615 2674 vir
636 2619 729 2693 magni
756 2617 876 2673 nominis
896 2617 960 2687 Plp·
1011 2618 1205 2676 inveniebatur
1220 2617 1263 2673 lac
1277 2617 1351 2688 qnod
1368 2618 1499 2689 parvulus
1514 2624 1625 2692 sugeret
1640 2616 1686 2687 ⁸³⁷,
1703 2616 1749 2672 hic
1762 2616 1827 2673 soli·

155 2707 212 2777 pini
228 2707 263 2742 ⁸³³
277 2708 352 2782 regis
370 2723 403 2764 cx
417 2724 512 2765 sorore
532 2725 619 2781 nepos
635 2709 830 2785 Crodegandus
845 2708 960 2763 blatteu-
1011 2713 1063 2766 dus
1078 2709 1158 2781 panis
1173 2725 1258 2780 quem
1278 2707 1416 2779 perlectus
1443 2709 1597 2772 manderet,
1621 2715 1649 2763 et
1668 2707 1824 2780 aliquando

154 2795 192 2850 sis
206 2797 353 2869 episcopus
368 2799 528 2862 construxit,
548 2805 576 2853 et
602 2799 636 2854 ad
656 2805 789 2855 aeternum
806 2796 960 2855 sanctitatis
1011 2803 1089 2876 quasi
1103 2803 1194 2857 nutrix
1220 2801 1248 2857 in
1263 2816 1366 2871 corpus
1393 2816 1473 2856 suum
1490 2801 1639 2870 trajiceret,
1655 2806 1685 2854 ut
1713 2807 1741 2856 et
1761 2800 1829 2856 alies

154 2907 211 2947 suae
226 2894 427 2949 monimentum
442 2894 476 2929 ⁸³⁶
490 2894 591 2964 opibus
606 2892 712 2961 ditavit,
733 2900 762 2948 et
783 2892 856 2964 quod
873 2892 961 2962 majus
1013 2893 1096 2949 rudes
1106 2891 1149 2948 vel
1163 2888 1287 2946 infirmos
1299 2890 1363 2946 indo
1373 2899 1508 2961 pasceret.
1528 2890 1601 2945 luter
1614 2904 1663 2946 eos
1674 2890 1721 2945 hic
1736 2897 1830 2946 noster

155 2992 198 3040 est
212 2984 356 3060 religionis
369 2987 457 3058 gratia
478 2985 617 3042 decoravit
640 2985 686 3056 (cl.
704 2989 790 3040 Vitam
814 2987 960 3054 elmodac).
1013 2991 1146 3058 patronus
1156 2984 1313 3040 Wicbertus
1328 2984 1363 3019 ⁸⁸⁸
1377 2999 1433 3040 oon
1445 2984 1549 3040 ultimae
1566 2984 1732 3053 nobilitatis,
1744 2985 1829 3041 imme

156 3072 210 3128 Sed
225 3089 354 3144 processu
368 3075 501 3146 temporis
513 3075 706 3130 crebrescente
727 3075 862 3129 bellorum
882 3034 1069 3130 ntuli-Cnon
1096 3072 1199 3128 ultimae
1225 3072 1389 3127 humilitatis
1418 3080 1445 3128 ct
1472 3072 1624 3128 sanctitatis
1655 3073 1760 3144 spiritu
1784 3071 1831 3129 nei

156 3163 207 3229 cia,
218 3171 245 3219 et
256 3180 305 3235 per
320 3165 378 3221 hec
387 3166 567 3222 crudescente
580 3166 713 3222 malorum
726 3165 848 3234 miseria,
859 3172 887 3220 et
897 3165 962 3236 quia
1013 3174 1113 3243 agente
1128 3173 1170 3222 est
1182 3165 1327 3232 adductus,
1345 3175 1374 3221 ut
1390 3165 1437 3237 qui
1450 3166 1507 3235 iam
1528 3166 1632 3221 dadum
1649 3166 1830 3221 renuntiave-

157 3251 233 3325 legus
255 3251 338 3308 silent
360 3254 432 3309 iuter
446 3271 533 3322 arma,
555 3255 618 3311 ideo
638 3254 826 3310 invalescente
851 3269 962 3325 quaqua
1014 3266 1059 3314 rat
1072 3259 1130 3314 suis
1144 3256 1274 3313 omnibus
1302 3257 1347 3313 hic
1361 3259 1442 3312 ctiam
1458 3256 1623 3328 sibimetipsi
1644 3257 1830 3323 renuntiaret,

70 3362 75 3377 =
156 3345 289 3395 terrarum
303 3341 448 3410 injustitia,
463 3342 544 3398 etiam
560 3343 599 3399 ibi
612 3359 661 3415 per
676 3349 768 3399 uotam
783 3342 915 3415 temporis
934 3349 962 3398 ct
1013 3357 1043 3406 ut
1059 3349 1164 3404 christo
1177 3349 1326 3421 perfectius
1352 3349 1507 3404 adhereret.
1524 3348 1570 3421 {Se
1598 3349 1690 3419 ipsum
1717 3355 1828 3423 ergoet

155 3433 329 3503 praelatorum
359 3434 493 3490 incuriam
528 3435 682 3507 disciplinae
715 3435 849 3510 regularis
881 3434 965 3504 coepit
1015 3454 1113 3495 omnes
1138 3453 1208 3511 quos
1237 3437 1342 3494 Christo
1370 3436 1545 3503 lucrifecerat
1564 3438 1715 3492 venerandi
1745 3437 1831 3514 patris

156 3524 273 3579 emolliri
290 3542 415 3583 censura.
435 3528 532 3585 Etluec
546 3528 669 3584 eoelestis
683 3529 731 3584 irae
742 3528 888 3601 permissio
903 3535 965 3583 tan·
1016 3526 1149 3603 hgeooldi
1165 3527 1341 3583 committens
1356 3525 1493 3592 manibus,
1508 3525 1660 3581 adherebat
1682 3526 1708 3581 ei
1721 3526 1832 3582 studio-

156 3614 203 3669 diu
221 3616 381 3688 permansit,
409 3615 498 3673 donec
520 3618 631 3677 tandem
654 3617 755 3674 divinae
776 3617 965 3674 miserationis
1015 3619 1083 3685 sius,
1101 3623 1128 3672 et
1142 3617 1176 3672 ab
1195 3630 1244 3673 ore
1270 3616 1330 3686 ejus
1345 3615 1485 3687 pendebat
1499 3614 1643 3682 intentius,
1668 3622 1770 3686 utpote
1786 3614 1830 3688 qui

156 3705 255 3761 oculus
268 3721 351 3776 super
373 3705 560 3761 inhabitantes
580 3712 680 3762 terram
701 3707 857 3779 prospexit;
875 3708 966 3780 quiet
1016 3726 1050 3766 cx
1064 3709 1191 3765 doctrina
1206 3709 1267 3777 ejns
1293 3723 1350 3763 oon
1369 3706 1445 3764 solus
1469 3706 1544 3777 pasci
1568 3706 1701 3774 habebat,
1725 3708 1778 3763 sed
1806 3715 1831 3763 et

158 3795 329 3851 infidelitatis
344 3797 470 3851 tenebras
483 3798 594 3865 amovit,
607 3805 634 3853 et
644 3798 732 3854 lucem
748 3800 870 3854 veritatis
886 3815 966 3857 revo·
1016 3800 1102 3856 micas
1113 3816 1146 3854 cx
1162 3815 1195 3855 ca
1211 3798 1336 3855 collectis
1356 3812 1443 3869 perse
1463 3795 1559 3852 Christi
1575 3797 1747 3868 pauperibus
1761 3797 1832 3853 serre

156 3887 237 3942 cavit.
252 3887 291 3941 ad
312 3888 364 3942 hoc
379 3887 450 3942 iuter
475 3888 578 3958 primos
600 3905 615 3943 a
630 3890 686 3945 lieo
709 3889 811 3945 missus
826 3899 868 3945 est
882 3890 962 3946 ridel·
1015 3891 1168 3965 satagebat.
1190 3889 1221 3944 Et
1236 3898 1265 3944 ut
1279 3888 1306 3942 id
1321 3888 1357 3943 ad
1367 3887 1442 3960 quod
1457 3895 1571 3943 venerat
1585 3886 1753 3961 diligentius
1769 3901 1832 3943 exe·

157 3977 236 4044 bero,
257 3978 362 4050 primus
385 3978 467 4046 hujus
496 3979 616 4035 nominis
643 3980 783 4036 hlettcnsis
803 3980 963 4053 episcopua,
1014 3989 1155 4055 queretur,
1177 3981 1348 4054 singulorum
1368 3980 1471 4055 gratias
1493 3978 1620 4034 sollerter
1650 3979 1827 4051 contempla·

157 4069 204 4140 qni
220 4070 353 4125 nobilium
369 4070 614 4127 christianissimus
633 4081 661 4127 et
682 4071 897 4129 christianorum
913 4090 964 4130 no·
1015 4071 1105 4139 batur,
1126 4078 1153 4126 et
1172 4069 1277 4141 aliquid
1291 4069 1357 4124 inde
1371 4069 1406 4122 ad
1421 4083 1450 4123 se
1467 4068 1556 4138 ipsum
1577 4065 1706 4135 trajicere
1719 4058 1829 4121 alleba-²

157 4156 311 4213 bilissimas
326 4189 356 4198 -
374 4167 437 4241 erat
454 4160 559 4231 quippe
577 4160 659 4216 frater
676 4161 818 4217 Fritherici
835 4161 915 4218 ducis
931 4192 965 4202 --
1015 4168 1068 4220 tur.
1084 4159 1350 4218 Erudiebaturillius
1364 4160 1507 4231 patientia,
1524 4157 1731 4214 accendebatur
1749 4158 1829 4214 istius

158 4246 186 4301 in
200 4247 253 4302 hoc
281 4247 398 4318 primum
418 4248 461 4303 sui
482 4249 624 4322 regiminis
643 4249 720 4306 dedit
746 4250 919 4317 exercitium,
936 4258 966 4307 ut
1015 4254 1112 4312 orandi
1140 4253 1280 4320 instantia,
1305 4252 1419 4308 alterius
1445 4250 1632 4306 delectabatur
1652 4250 1827 4306 obediontia.

157 4345 185 4394 et
195 4338 311 4394 seculari
325 4340 447 4410 potcutia
462 4349 490 4396 et
504 4341 655 4412 episcopali
676 4357 792 4397 censura
808 4342 966 4400 exturbaret
1018 4349 1099 4406 istius
1115 4348 1309 4414 humilitatem,
1326 4347 1399 4402 illius
1414 4345 1574 4401 imitabatur
1586 4342 1779 4400 sobrietatem.
1801 4344 1830 4399 lu

157 4447 173 4486 a
192 4446 241 4486 ⁸11³
254 4430 357 4497 di⁰0⁰⁸i
371 4432 589 4507 iurelissiOSiialiS
603 4433 714 4490 titium·
728 4433 814 4504 Hujus
829 4435 908 4491 bouae
923 4404 1005 4491 iu·D
1017 4443 1071 4498 hoc
1084 4441 1252 4498 activaevitae
1268 4439 1402 4507 laborem,
1416 4439 1446 4494 iu
1460 4438 1506 4493 illo
1519 4435 1769 4507 contemplationis
1783 4435 1832 4491 mi·

157 4520 290 4577 tentionis
303 4521 412 4577 oculum
434 4522 583 4578 intendens
598 4523 716 4594 primunr
732 4539 817 4594 super
828 4525 965 4580 monasti·
1016 4530 1127 4586 fabatur
1139 4531 1277 4587 aratorem.
1294 4528 1389 4583 Fiebat
1405 4527 1521 4597 perinde
1539 4526 1574 4560 ⁸⁸⁹
1598 4524 1670 4581 miro
1689 4525 1786 4592 modo,
1802 4531 1833 4580 ut

157 4628 215 4668 cam
227 4613 412 4686 disciplinam,
428 4614 590 4672 elaborabat
604 4632 664 4671 eam
680 4617 716 4672 ad
730 4617 888 4688 apostolicae
903 4617 966 4673 vitae
1016 4620 1081 4675 dum
1103 4620 1163 4691 ipse
1177 4619 1212 4674 de
1224 4618 1396 4691 singulorum
1416 4616 1565 4672 virtutibus
1579 4613 1687 4686 aliquid
1702 4611 1833 4684 decerpit

157 4701 283 4776 redigere
294 4718 428 4759 normam.
446 4705 477 4759 Et
489 4704 628 4776 incipiens
641 4721 657 4760 a
672 4705 768 4761 Corzia
781 4722 844 4777 quae
858 4706 966 4762 catoris
1017 4711 1091 4785 quod
1107 4710 1161 4766 sibi
1176 4709 1212 4765 sit
1227 4725 1276 4780 pro
1288 4708 1427 4779 exemplo,
1443 4707 1504 4778 ipso
1519 4706 1595 4761 solus
1611 4704 1745 4761 omnibus
1759 4710 1833 4760 esset

158 4793 332 4848 monasteriis
346 4801 404 4849 erat
418 4796 593 4867 praestautier
615 4796 643 4850 in
667 4812 716 4852 saa
736 4798 893 4868 parrochia,
916 4797 963 4853 ubi
1015 4799 1153 4872 exemplo.
1166 4798 1198 4854 Ut
1213 4798 1287 4853 enirn
1302 4797 1455 4854 secundum
1471 4795 1626 4853 Salomonis
1638 4794 1831 4866 proverbium,

159 4882 290 4939 instituta
300 4883 442 4958 religionis
456 4886 568 4958 vixipsa
581 4888 752 4959 apparebant
765 4887 893 4962 vestigia,
908 4903 965 4944 non
1014 4898 1120 4962 serrum
1140 4892 1212 4959 [erro
1229 4893 1349 4956 uertitur,
1374 4889 1411 4944 ita
1430 4889 1500 4945 altar
1524 4887 1558 4942 ab
1583 4886 1671 4943 altero
1699 4886 1736 4941 ad
1758 4886 1832 4941 bene

159 4971 236 5043 prius
248 4972 364 5042 destitit,
384 4989 465 5046 quam
481 4976 651 5032 monachicae
677 4976 739 5031 vitae
753 4976 927 5047 professores
950 4994 966 5033 a
1016 4985 1153 5059 agendum
1167 4982 1363 5049 exacuebatur,
1380 4988 1406 5038 et
1428 4988 1459 5037 at
1474 4984 1549 5036 homo
1568 4977 1714 5034 contundit
1730 4980 1833 5047 factm

158 5063 252 5120 saculi
264 5063 385 5121 vanitate
405 5072 628 5123 retractosreetae
643 5067 694 5124 viae
707 5066 838 5137 reddidit,
859 5075 966 5125 etanta
1017 5077 1100 5130 ambi
1125 5076 1170 5128 sat
1183 5071 1271 5142 (Prae.
1299 5087 1383 5138 xxvii,
1403 5071 1458 5138 tlt,
1485 5070 1564 5126 itaet
1582 5083 1631 5124 eos
1642 5067 1688 5139 pia
1702 5066 1833 5123 fraterna

160 5157 253 5213 omnia
287 5157 407 5214 radicem
431 5157 565 5214 malorum
598 5165 624 5215 et
644 5159 743 5216 malam
768 5162 967 5219 monachorum
1017 5161 1201 5218 emulationis
1225 5160 1353 5217 movebat
1371 5158 1508 5224 conlusio,
1537 5156 1590 5212 nisi
1616 5156 1686 5211 alter
1712 5155 1832 5213 alterum

160 5264 317 5318 novercam,
344 5248 451 5304 scilicet
481 5249 677 5320 proprietatum
701 5253 966 5324 concupiscentiam,
1018 5255 1111 5327 quiret
1122 5254 1232 5310 imitari.

160 5339 569 5413 mucrouepastoraliextinxit,
584 5342 668 5415 etqui
685 5343 712 5398 in
727 5344 968 5417 saeculicompetis
1050 5345 1111 5400 ttt
1119 5376 1650 5404 ············
1669 5335 1698 5394 v·
1740 5379 1748 5394 ·
1787 5335 1833 5390 ⁸⁶⁸·

834 5469 945 5525 VARIAE
964 5466 1153 5527 cautiones.

162 5562 166 5573 '
198 5561 232 5595 ⁸³³
246 5564 357 5633 penitus
375 5562 401 5620 3.
460 5563 494 5599 ⁸⁸⁸
507 5565 630 5621 uanitate
647 5566 674 5623 t.
705 5567 731 5625 3.
790 5568 932 5641 ⁸³⁵Pipini
957 5569 984 5624 2.
1010 5569 1036 5624 3.
1103 5563 1400 5621 836ιιιοιιιιιιιειιιιιιιιῖ.
1420 5559 1688 5636 3.⁸³⁷suggerett.
1752 5559 1832 5615 ⁸⁸'tta

164 5631 190 5685 1·
214 5632 241 5687 2·
261 5633 287 5692 3.
352 5634 387 5671 ⁸⁸⁹
403 5634 529 5707 proinde:
548 5634 575 5693 3.
607 5652 639 5692 ec
665 5653 732 5695 corr.
800 5641 835 5676 ⁸⁵⁰
850 5643 911 5713 lpse
933 5656 1017 5713 usqae
1049 5637 1231 5711 apostolicum
1271 5639 1301 5691 ta
1339 5637 1394 5693 loeo
1426 5649 1488 5690 raso
1523 5639 1547 5690 t.
1596 5635 1632 5689 Et
1652 5632 1760 5689 coemit
1784 5633 1830 5688 hoe
