3720 6014
729 166 1180 267 nmmmmmmmmmf

217 336 220 345 '
298 317 302 323 ¹
392 337 439 393 Cui
454 340 547 392 noster
558 337 648 392 sermo
659 333 792 409 persolvit
806 333 899 392 debita
912 333 1026 405 scripto.

389 426 484 484 Vixisti
503 441 633 496 concam
648 426 724 484 vivas
739 441 790 499 per
804 427 898 484 secula
912 439 1047 488 consorss

338 541 341 545 >
389 517 450 575 Sint
463 523 491 572 ct
503 515 642 574 defunctis
660 516 757 574 cadent
771 516 911 574 consortia
926 512 1038 570 nostris.

390 607 460 662 liant
472 605 555 662 binos
566 620 671 673 versus,
686 603 772 662 nostri
788 604 824 662 ds
842 619 884 671 se,
900 602 953 659 sibi
965 616 1063 659 versus

187 741 233 797 87.
253 739 331 796 trull
351 738 458 795 PAUCA
478 738 519 794 bu
539 737 591 794 uls
611 737 688 805 QUAE
706 738 727 793 Α
746 735 859 794 bolino
879 734 1006 791 ΛΒΒΑΤΕ
1025 733 1182 789 ansuino
1201 734 1265 791 vul
1284 735 1345 793 SUB
1365 736 1406 793 EO
1427 736 1512 793 SUNT
1530 740 1721 806 anoulslrn.

157 865 279 921 bomnus
297 860 384 918 abbas
405 861 550 918 llnselrnus
568 860 636 918 emit
655 876 671 919 a
690 859 823 917 llichelde
838 858 932 916 relicta
944 862 970 931 Α
983 858 1108 913 anselmo
1126 857 1222 913 abbate
1250 859 1490 930 Gembtaeensians,
1510 863 1565 918 Ode
1591 865 1731 923 abbatissa
1753 870 1804 923 Ni·

122 953 288 1011 llcrethonie
303 954 339 1011 de
353 950 474 1010 lovanio
494 957 523 1008 et
537 948 594 1007 lilia
615 951 676 1023 ejus
696 948 813 1006 amabili
832 955 859 1005 ct
871 961 932 1003 ma·
981 951 1177 1019 aiaaaenrtam.

123 1046 176 1103 rito
195 1045 283 1118 ipsius
309 1043 421 1102 druuiio
449 1044 484 1100 de
498 1043 613 1100 Filiortb
632 1043 667 1099 ro
689 1041 787 1098 marcis
810 1039 931 1115 argenti,
1016 1039 1061 1096 90.
1080 1040 1185 1095 Gratias
1199 1040 1265 1108 Deo,
1290 1042 1356 1114 quia
1383 1043 1429 1098 ubi
1446 1043 1618 1102 habundavit
1636 1055 1800 1119 peecatum,

122 1137 255 1212 quicquid
269 1137 365 1195 allodii
379 1135 500 1194 habebat
513 1135 543 1191 in
566 1134 775 1204 lielenrivjure
793 1129 931 1188 heredita·
980 1129 1236 1202 superhabundavit
1264 1133 1365 1208 gratia,
1394 1132 1539 1192 Evilardus
1559 1137 1627 1194 civis
1654 1147 1754 1197 noster
1782 1158 1799 1198 s

122 1230 352 1305 rio,astipulants
366 1229 515 1288 Gadeirido
523 1230 604 1287 duce.
616 1227 703 1298 Hujus
712 1226 809 1283 allodii
823 1224 931 1281 reditus
980 1225 1084 1282 domno
1098 1225 1199 1282 abbate
1225 1223 1355 1284 insarno
1375 1234 1403 1284 et
1417 1229 1452 1284 ab
1472 1231 1548 1287 omni
1575 1240 1714 1291 conventu
1732 1233 1796 1292 irs-

121 1325 150 1380 in
164 1325 211 1382 die
223 1323 410 1381 anniversaria
429 1322 472 1379 sui
487 1321 580 1379 obitus
594 1320 629 1377 ad
648 1318 875 1393 supplementum
889 1315 930 1374 vi·
981 1322 1051 1371 trum
1079 1316 1166 1388 petita
1191 1321 1219 1372 ct
1238 1324 1351 1389 accepta
1369 1325 1463 1375 nostra
1487 1320 1631 1389 societate,
1651 1324 1749 1380 socius
1770 1334 1799 1382 et

121 1423 181 1474 ctus
198 1416 342 1475 constituit
356 1414 415 1471 dari
434 1412 574 1470 iratribus.
980 1405 1119 1477 particeps
1139 1406 1264 1462 omnium
1278 1405 1481 1465 beneficiorum
1495 1408 1569 1464 eiiici
1583 1411 1696 1468 memit.
1711 1411 1794 1471 Unde

155 1507 200 1564 88.
216 1505 409 1563 Vadimonium
426 1503 501 1576 quod
524 1501 715 1569 biaicbelmus,
737 1498 824 1573 Engo,
840 1497 931 1556 Gode·
979 1501 1082 1575 gretias
1093 1516 1190 1576 agens,
1208 1517 1327 1558 marcam
1343 1503 1450 1578 argenti
1470 1502 1602 1562 iratribus
1616 1521 1667 1578 pro
1683 1507 1800 1566 mritate

120 1591 228 1653 scaicus
251 1594 389 1652 dederunt
415 1599 511 1650 sancto
526 1591 607 1648 Petro
631 1605 681 1662 pro
699 1588 717 1645 8
741 1587 851 1656 marcis,
878 1587 932 1643 hoc
981 1590 1090 1658 obtulit,
1104 1597 1132 1647 ct
1151 1591 1285 1665 quamdiu
1300 1593 1379 1661 vixit,
1395 1593 1478 1651 nobis
1496 1605 1523 1651 et
1537 1597 1597 1653 loeo
1613 1607 1707 1654 nostro
1719 1598 1799 1658 utilis

120 1686 211 1758 ipsnm
225 1683 337 1740 vadium
362 1682 515 1739 Guilelmus
536 1680 571 1736 de
585 1677 721 1736 ldarebais
737 1680 766 1732 et
783 1690 853 1732 uxor
871 1675 931 1744 ejus
981 1693 1092 1751 semper
1102 1676 1164 1735 init.
1178 1679 1284 1736 Partem
1298 1681 1372 1738 enim
1384 1681 1480 1739 allodii
1494 1683 1643 1741 Franconis
1653 1686 1799 1758 chellir,

119 1772 251 1837 deividis,
281 1772 376 1829 relicta
398 1771 523 1844 praedicti
542 1768 675 1845 lingonis,
695 1766 931 1824 confirmaverunt
981 1779 1043 1836 quae
1056 1765 1084 1820 in
1099 1765 1163 1821 villa
1176 1765 1279 1822 limniz
1293 1767 1357 1838 jure
1371 1770 1531 1841 patrimonii
1545 1773 1639 1829 uxoris
1651 1790 1709 1831 suae
1731 1777 1797 1833 ilel-

118 1873 213 1922 sancto
232 1865 314 1923 Petro
337 1871 366 1922 et
382 1863 485 1921 domno
498 1862 627 1920 llnselmo
640 1859 734 1917 abbati
753 1874 804 1931 per
815 1873 928 1915 manum
979 1854 1052 1911 vidis
1066 1855 1092 1909 ei
1107 1856 1293 1928 competebat,
1311 1872 1360 1913 sex
1372 1859 1473 1916 marcis
1497 1861 1579 1929 emlt;
1606 1862 1695 1935 ipsius
1709 1874 1794 1923 terrae

118 1955 233 2030 seyheri
251 1953 376 2011 advocati
392 1967 441 2026 pro
468 1951 504 2011 20
518 1949 620 2007 marcis
640 1947 758 2024 argenti,
783 1946 930 2020 prius8st
979 1945 1085 2002 reditus
1108 1946 1233 2019 quamvis
1263 1949 1290 2004 iu
1304 1949 1360 2006 vita
1374 1967 1424 2006 sna
1446 1951 1502 2008 cibi
1521 1955 1641 2012 retinere
1666 1957 1797 2028 voluerit,

119 2045 230 2118 post12
244 2043 395 2101 concessis.
979 2043 1071 2094 tamen
1098 2054 1131 2094 ex
1148 2039 1190 2097 eis
1204 2040 1280 2097 solus
1293 2057 1349 2098 nou
1375 2044 1512 2113 comedin
1539 2055 1582 2101 set
1607 2047 1730 2106 stabilito
1748 2051 1797 2108 die

154 2138 199 2194 89.
224 2135 301 2192 Carta
316 2135 352 2191 de
375 2148 514 2192 consensu
535 2133 652 2189 duarum
670 2128 867 2195 aecclesiarum,
884 2127 928 2183 Ni·
941 2176 966 2246 B
978 2130 1122 2186 annuatim
1137 2131 1237 2187 exinde
1250 2131 1382 2190 iratribus
1403 2135 1459 2190 cibi
1473 2144 1503 2192 at
1516 2143 1598 2210 potus
1612 2143 1796 2213 praeparatio·

117 2228 278 2305 vigelleusis
292 2235 320 2284 et
332 2227 548 2284 Gemblaeensis.
572 2230 678 2282 Sancta
690 2225 813 2281 aeclesia
826 2223 878 2288 tilii
895 2227 927 2275 at
978 2238 1041 2279 nem
1062 2223 1149 2291 dedit,
1170 2232 1364 2283 testamentum
1385 2228 1501 2299 iaciens,
1521 2231 1589 2288 dixit
1609 2239 1640 2288 ut
1655 2233 1734 2305 ipsos
1750 2251 1799 2292 re·

120 2324 256 2379 nnumin
280 2324 383 2377 Christo
401 2323 501 2392 possint
524 2320 585 2386 fieri
608 2320 672 2389 paci
692 2324 718 2373 et
737 2314 928 2372 aeclesiasticae
977 2313 1061 2383 dilus,
1083 2315 1111 2370 id
1127 2325 1169 2373 est
1188 2317 1214 2372 ll
1231 2318 1348 2387 solidos,
1363 2329 1425 2391 post
1448 2331 1565 2378 mortem
1589 2323 1795 2396 ipsiuslratres

118 2413 369 2477 inicerentanr'tati,
393 2412 505 2465 seientes
529 2413 663 2478 quianon
679 2412 717 2463 est
739 2405 926 2461 nemansen-
978 2407 1128 2479 accipiant,
1153 2415 1225 2465 etut
1251 2409 1382 2466 beneficii
1403 2411 1485 2482 hujus
1505 2430 1654 2483 memores,
1685 2431 1795 2474 nomen

117 2503 212 2567 abab,
226 2500 272 2554 sed
282 2501 357 2569 pacis
376 2503 402 2553 et
424 2499 584 2553 dilectionis.
613 2503 660 2553 llos
683 2509 786 2566 pacate
806 2499 927 2550 Gemm-
977 2513 1059 2553 snum
1085 2515 1199 2574 sumque
1220 2501 1348 2576 coniugis
1376 2502 1459 2560 boda
1492 2521 1605 2562 suorum
1628 2491 1796 2566 nominibus

118 2589 236 2644 baanes
250 2589 350 2655 fratres
367 2600 415 2657 pra
431 2587 537 2642 nodab
556 2591 647 2641 nostro
667 2599 759 2641 aarum
777 2584 928 2638 immitato-
978 2594 1042 2659 post
1053 2588 1159 2646 obitum
1176 2591 1277 2646 ascribi
1291 2590 1402 2647 iaciant.

118 2692 160 2733 res
172 2693 227 2734 esse
238 2679 373 2749 capimus,
395 2679 561 2748 procidentes
578 2693 637 2746 aaa
660 2679 773 2747 pacisci
798 2675 927 2730 utilitatis
1012 2676 1057 2733 91.
1075 2677 1314 2750 Temporedomni
1334 2679 1455 2735 luscini
1469 2680 1578 2736 abbatis
1593 2682 1730 2742 ilenricus
1752 2685 1791 2744 de

117 2778 183 2827 sant
197 2771 272 2828 nobis
297 2778 323 2828 et
350 2773 448 2828 nostris
464 2769 667 2826 incensoribus.
694 2771 734 2824 Sit
757 2783 818 2837 erpo
831 2772 925 2822 notam
977 2766 1080 2839 bopum
1094 2785 1145 2841 pro
1164 2771 1251 2826 salute
1266 2770 1366 2828 aalma
1392 2788 1448 2828 suae
1463 2773 1575 2828 tradidit
1595 2775 1650 2832 lieo
1680 2784 1708 2832 et
1722 2793 1792 2835 san·

118 2867 193 2923 oasa
205 2868 351 2923 uoluntatis
371 2866 578 2931 laminitanae
600 2881 688 2934 parua
700 2865 746 2919 seb
764 2878 819 2918 non
834 2863 926 2932 parai-
977 2863 1022 2913 cto
1046 2857 1128 2915 Petro
1145 2860 1178 2914 15
1193 2860 1330 2916 bonuaria
1345 2861 1458 2917 arabilis
1473 2868 1554 2918 terrac
1568 2862 1664 2919 invilla
1680 2866 1793 2924 Sivirei.

115 2957 256 3027 pendenda
280 2971 311 3011 re
341 2956 405 3024 qaid
422 2957 575 3011 macenarit
601 2955 676 3010 nobis
693 2959 719 3009 ct
747 2953 927 3022 Niaipallensis
978 2948 1033 3006 lloc
1046 2949 1183 3008 beneficio
1196 2951 1333 3008 animatus
1347 2968 1436 3025 nepos
1454 2955 1515 3024 ejus
1527 2953 1665 3012 Gerardas
1680 2957 1718 3013 dc
1733 2958 1795 3015 lla·

117 3049 221 3106 cenobii
241 3049 502 3105 sanctimonialibus.
530 3054 563 3103 ln
588 3051 654 3104 uilla
681 3051 811 3104 Anaetica
833 3056 928 3105 manet
980 3044 1081 3101 rebaco
1097 3045 1210 3101 tradidit
1224 3054 1252 3102 et
1279 3047 1341 3119 ipse
1368 3047 1397 3102 in
1416 3049 1512 3104 cedern
1533 3048 1597 3104 villa
1612 3049 1667 3106 alia
1691 3052 1728 3106 lli
1744 3052 1796 3109 bo

116 3140 242 3197 aeclesiae
281 3147 380 3198 nostra
419 3143 549 3209 sami'ia,
583 3143 629 3197 cai
663 3157 697 3197 eac
738 3143 794 3210 ipsa
828 3141 928 3210 madae
979 3135 1087 3201 naaria,
1103 3134 1178 3190 idem
1199 3134 1337 3192 Gerardus
1364 3144 1474 3194 mortuo
1503 3135 1560 3195 lilio
1588 3154 1638 3195 suo
1654 3138 1792 3212 Gerardo,

116 3235 209 3289 omnia
221 3238 302 3289 erant
323 3247 357 3288 ea
372 3234 517 3300 scatentia,
540 3235 595 3288 nisi
613 3232 683 3302 qaod
699 3231 849 3287 raobndini
861 3246 928 3287 eon·
978 3227 1103 3299 permisit
1121 3227 1254 3285 aecclesiae
1267 3235 1368 3285 nostrae
1384 3247 1434 3302 pro
1454 3232 1543 3287 salute
1564 3241 1655 3291 suaet
1674 3235 1795 3294 absolu-

79 3342 85 3354 ·
114 3327 285 3383 straendieis
298 3341 355 3382 non
373 3332 432 3381 erat
450 3328 534 3396 eopia.
557 3331 606 3382 Nee
624 3325 699 3382 arna
717 3327 827 3381 annino
849 3325 927 3380 dene
978 3321 1054 3378 tione
1069 3321 1118 3377 irlii
1132 3322 1175 3376 sui
1199 3321 1334 3379 decimam
1349 3339 1429 3396 quam
1446 3324 1481 3380 dc
1500 3325 1615 3382 culturis
1640 3329 1795 3388 dominicis

114 3426 226 3489 paveat
239 3421 289 3476 loci
302 3423 415 3488 natura,
428 3419 473 3474 sed
491 3433 586 3474 carsae
608 3434 687 3489 epam
704 3417 839 3485 defluebat
848 3432 930 3488 saper
979 3414 1133 3486 accipiebat
1154 3415 1183 3470 in
1199 3415 1262 3487 ipsa
1276 3415 1342 3471 villa
1359 3414 1468 3486 Sivirei,
1498 3417 1620 3475 decimas
1634 3420 1717 3477 etiam
1734 3437 1795 3480 orn·

111 3512 245 3582 paediam
274 3510 455 3580 llioipellense,
479 3515 615 3579 quantam
644 3525 698 3579 par
721 3508 802 3564 boam
824 3511 855 3563 in
882 3509 925 3563 riis
975 3503 1053 3559 nium
1066 3504 1308 3572 nutrimentorum,
1323 3520 1384 3577 quea
1401 3504 1439 3560 ibi
1459 3505 1531 3562 inira
1543 3506 1712 3566 dominicam
1729 3527 1793 3568 cor·

110 3611 196 3676 potest
214 3619 302 3660 arare.
319 3609 354 3660 Ne
373 3609 465 3658 tamen
479 3605 550 3657 inter
574 3618 622 3657 nos
636 3607 723 3658 essent
744 3604 851 3672 turpia,
864 3616 923 3670 aaa
973 3603 1028 3654 tem
1048 3597 1211 3654 retinentur.
1227 3597 1417 3670 Cosmptione,
1433 3608 1460 3655 et
1484 3615 1675 3658 successorum
1691 3619 1790 3662 eorum

112 3695 250 3750 antediem
261 3699 434 3749 succrescant
452 3707 535 3761 usqae
549 3694 584 3746 ad
607 3694 760 3761 inmania,
781 3709 844 3749 cam
866 3695 923 3749 aaa
973 3691 1129 3769 largitione,
1143 3707 1216 3747 nnnc
1232 3691 1357 3763 possidet
1371 3692 1579 3751 Gcmblacensis
1595 3696 1724 3753 aecclesia
1737 3698 1791 3756 sil-

110 3787 231 3854 pralatis
249 3787 381 3839 consensit
395 3786 536 3852 utrimque
548 3784 651 3839 cenobii
671 3785 790 3853 samita
812 3791 844 3840 at
858 3800 922 3841 car·
974 3798 1035 3843 vam
1051 3792 1078 3841 et
1092 3783 1227 3857 quicquid
1241 3783 1314 3854 juris
1342 3800 1438 3842 eorum
1463 3791 1522 3843 crat
1540 3785 1570 3842 in
1596 3788 1693 3844 eadem
1710 3789 1789 3848 vilia.

112 3890 174 3931 sam
187 3891 263 3944 aqaoe
276 3889 323 3944 per
334 3875 506 3943 Nraipetterae
516 3876 652 3944 predium
671 3876 780 3932 lrabeat
798 3883 925 3934 constra-
975 3876 1033 3934 beo
1045 3876 1157 3952 gratias.

112 3971 158 4022 eta
171 3968 502 4020 amansionariisaostris
521 3967 632 4034 officina
645 3984 652 4033 ;
666 3969 707 4023 iris
728 3971 775 4037 pai
797 3983 845 4025 sua
861 3973 926 4039 jare

112 4061 246 4112 cesserant
269 4054 319 4109 tali
331 4055 517 4111 vicissitudine
539 4056 655 4126 reddita,
678 4064 709 4113 at
733 4061 770 4113 eis
787 4061 860 4114 inter
874 4074 925 4115 na-
1185 4027 1251 4127 CUR
1265 4027 1398 4087 ”mmm
1415 4029 1577 4088 GEHBLUS·

111 4149 179 4201 bittit
192 4145 355 4201 comedatur
375 4148 418 4200 tlt'
435 4151 545 4201 'Militi
557 4146 636 4214 sava,
662 4152 688 4202 θῑ
715 4155 747 4204 ¹⁴2
759 4155 924 4220 militum
1009 4163 1055 4220 82.
1070 4163 1202 4221 Gemblus
1220 4164 1419 4238 interpretatur
1432 4183 1535 4239 anama
1548 4175 1576 4225 ct
1589 4171 1713 4237 barabas,

110 4242 196 4310 suerit
207 4242 317 4297 consita
335 4246 361 4296 et
374 4242 478 4297 abadia
489 4244 524 4296 sit
537 4245 575 4297 eit
590 4249 683 4299 nostra
696 4246 808 4302 vicinia.
825 4248 923 4301 Actum
972 4254 1047 4328 quod
1062 4254 1100 4311 ita
1118 4255 1281 4329 exponitur:
1296 4256 1361 4314 Gem
1375 4274 1491 4328 pamma
1511 4260 1577 4317 blus
1591 4262 1715 4319 baculas

110 4329 251 4386 dominica
265 4332 464 4386 incarnationis
479 4347 553 4389 anno
568 4331 660 4401 11290,
675 4334 823 4391 indictione
840 4337 922 4405 septi·
972 4343 1114 4413 Gemblus,
1128 4361 1237 4418 pamma
1253 4346 1366 4416 decens,
1390 4347 1505 4405 baculus
1533 4349 1607 4406 bona
1628 4351 1699 4406 dans
1716 4356 1793 4413 mais

109 4437 165 4491 ma,
182 4424 304 4480 miliario
315 4438 376 4492 repe
396 4426 503 4493 imperii
520 4431 626 4495 sceptra
638 4432 763 4496 tenente‚·
782 4428 922 4495 comiado
1615 4441 1748 4513 [caedens

110 4518 270 4572 manituti
282 4517 507 4586 Mlmrintt'tum
517 4516 594 4584 dm,
614 4521 661 4587 qai
673 4520 757 4574 elium
776 4518 921 4575 admitti
970 4529 1119 4598 Sustentat,
1132 4530 1312 4605 munitores
1324 4531 1450 4589 Christus
1465 4532 1675 4603 moribusanit;
1698 4562 1704 4568 ·

107 4616 225 4676 maeret
239 4613 379 4678 atriaspae
398 4610 501 4666 cenobii
513 4611 647 4681 [omilim
667 4615 790 4669 Heinrica
811 4612 843 4668 de
862 4616 921 4669 Bir-
970 4619 1002 4677 Et
1019 4635 1090 4692 quos
1103 4635 1151 4677 cor
1165 4637 1260 4687 unum,
1278 4637 1348 4693 quos
1363 4638 1445 4679 verus
1460 4638 1538 4680 amor
1552 4620 1728 4694 iacitnnum,

109 4698 167 4754 bais
183 4702 314 4756 sacrandas
321 4706 378 4771 ejas
396 4711 487 4772 partes
500 4707 722 4761 amministrante
740 4706 920 4776 Niaipeliensi-
971 4704 1013 4762 ilii
1031 4706 1140 4774 merito,
1158 4716 1421 4781 numcrocreseant,
1435 4709 1563 4783 placeant
1578 4728 1689 4786 quoque
1706 4714 1787 4771 Clari·

108 4787 181 4858 bas,
204 4792 339 4847 Benaardo
363 4792 396 4849 de
421 4793 513 4850 mian
540 4793 793 4865 eenataeaatbrm
822 4796 919 4854 minna
1570 4803 1632 4876 [sto.
1649 4806 1749 4863 Amen.

504 5028 981 5126 PANEGERICUS
1037 5035 1383 5126 LIBELLUS.

329 5170 370 5227 lili
385 5171 532 5230 088881'0
550 5174 688 5233 anatra.
967 5182 1030 5253 lpse
1045 5182 1118 5239 Deus
1136 5198 1230 5250 verus,
1246 5183 1330 5240 horno
1345 5190 1426 5241 natus
1439 5183 1546 5256 virgine
1570 5198 1660 5252 rarus,

104 5259 339 5321 Voxconsolantis
350 5280 408 5333 cor,
423 5264 479 5322 cari
494 5275 581 5324 rnorte
595 5269 735 5326 dolentia:
966 5273 1119 5331 [lemnado
1130 5289 1259 5345 sponsam
1273 5273 1335 5345 plus
1348 5273 1503 5330 aecclesiam
1516 5272 1569 5327 sibi
1582 5279 1707 5328 sanctam

137 5351 224 5408 Verus
243 5351 386 5425 pacificus,
402 5367 450 5410 rex
468 5356 515 5429 qui
534 5356 606 5430 regit
623 5360 727 5428 omnia,
744 5359 878 5429 Christus,
965 5361 1061 5437 Elegit,
1077 5379 1153 5438 virgo
1165 5368 1312 5440 generaret
1322 5379 1384 5437 que
1399 5364 1450 5419 sibi
1462 5379 1565 5436 sponso

98 5438 225 5531 ‘Etcujus
236 5443 312 5514 pacis
323 5445 401 5522 regni
416 5461 473 5504 non
494 5455 536 5504 est
551 5464 662 5524 quoque
674 5449 748 5520 linia,
965 5453 1090 5524 Sanetus,
1109 5456 1158 5528 qui
1170 5456 1227 5512 nati
1244 5456 1360 5526 mundo,
1377 5455 1543 5528 Christoque
1559 5457 1660 5524 renati,

179 5551 181 5554 ·
776 5550 889 5607 vilitat
908 5548 1100 5610 lsECleNliS.

116 5641 182 5722 ¹²³⁰.
197 5647 295 5699 Littera
308 5648 424 5726 initiatis
437 5663 565 5707 semaam
591 5651 699 5732 sabata
723 5655 764 5707 ita
782 5655 879 5711 trabat:
897 5654 952 5712 lloc
972 5655 1037 5713 iecit
1048 5672 1156 5729 versus,
1170 5656 1252 5713 Petre
1277 5664 1384 5727 sancte,
1400 5664 1465 5714 tuus
1486 5657 1682 5716 Godescslcus.
1714 5658 1780 5716 Cla-

93 5722 174 5783 nffer
186 5715 343 5784 almepalr,
361 5722 392 5773 tu
402 5722 585 5789 praeornata
599 5735 686 5795 apen.
707 5722 805 5780 Amen.
