3720 6014
70 149 126 206 666
638 134 710 189 vna
731 133 759 188 s.
780 127 954 186 wrcauvn.
977 156 1007 167 -
1030 125 1173 184 666666.
1221 100 1224 104 ‘
1686 131 1739 187 666

68 290 119 332 666
139 264 454 331 Petronillacomitissa,
484 263 512 316 in
531 260 643 317 castello
661 259 735 331 quod
764 254 973 326 vocaturAnia
1001 270 1063 309 cum
1093 269 1148 310 non
1169 253 1310 326 potuerint
1337 253 1396 310 11661
1416 255 1483 310 sine‘
1500 254 1594 327 alique
1618 255 1738 329 tragon,

68 366 187 424 Gocileis
202 363 276 434 (906)
292 358 444 416 vinculatus
463 355 514 410 sub
535 361 593 410 tuta
614 352 725 424 jacebat
740 349 875 407 custodia.
929 356 1020 402 tamen
1041 346 1126 402 nichil
1147 347 1244 402 borum
1271 348 1372 420 aliquis
1388 348 1416 403 in
1431 350 1513 406 domo
1535 349 1739 422 quiescentium

71 459 102 513 Et
117 455 181 528 quia
205 466 294 523 nepos
308 465 376 505 suus
398 454 456 502 erat
477 445 618 515 inspectus
640 441 692 496 sibi
709 447 735 495 et
749 438 879 496 omnibus
930 438 1018 509 potuit
1036 439 1142 494 audire.
1173 439 1330 495 Everelmus
1350 457 1381 495 se
1410 442 1544 513 reptando
1563 443 1676 498 trahens
1704 445 1738 498 ad

69 562 119 618 pro
134 544 234 600 robore
250 538 376 609 corporis
400 535 480 591 suiet
505 531 641 587 industria
659 528 755 596 animi,
778 526 825 582 nul
838 525 880 580 ius
930 528 1029 583 domus
1042 526 1200 592 fenestram,
1219 530 1280 584 6166
1299 546 1353 601 quo
1370 531 1459 601 potuit
1478 547 1508 586 se
1521 530 1588 599 iecit
1603 531 1631 586 in
1652 532 1739 587 illam.

70 646 181 712 precatu
196 635 240 690 vel
255 634 365 688 hortatu
380 626 470 701 potuit
489 624 638 681 Petronilla
657 621 741 687 flecti,
763 636 815 675 nec
834 633 879 674 co·
930 620 977 674 llic
1000 628 1073 676 certe
1101 636 1171 691 opus
1187 621 1238 676 1611
1262 621 1302 676 1111
1328 623 1456 679 16666666
1477 624 1562 679 boum
1582 630 1609 678 et
1632 631 1742 679 sanctos

69 734 143 788 mitis
170 747 222 787 nec
241 723 421 801 ipsiusducis
448 727 574 791 respectu
601 717 689 789 potuit
719 712 833 777 moveri,
849 718 880 766 ut
930 716 988 782 1161,
1019 723 1046 771 61
1075 716 1250 788 frequentare
1280 733 1381 773 nomen
1410 720 1498 774 sancti
1528 719 1671 787 wicberti,
1697 718 1741 774 cui

67 821 187 892 acceptis
204 817 347 876 obsidibus
364 823 417 868 tam
444 810 492 865 diu
511 807 667 864 absolveret
696 803 879 870 Evcrelmum,
930 806 1107 862 commiserat
1133 824 1269 863 summam
1287 808 1405 881 inceptae
1420 810 1471 865 661.
1486 810 1644 865 Fenestram
1666 809 1741 864 enim
1841 877 1845 885 ι

68 916 158 970 donec
173 929 216 968 res
231 919 258 967 et
278 924 361 966 causa
382 905 532 961 referretur
547 906 575 956 et
589 898 758 955 audientiam
778 894 881 967 patrio·
934 901 988 948 tam
1018 902 1161 970 angustam
1185 912 1246 952 esse
1275 897 1390 962 invenit,
1424 904 1453 952 ut
1481 899 1557 954 nullo
1587 899 1670 954 modo
1700 897 1742 953 rel

71 1015 169 1060 tarum.
187 1005 342 1072 llesperans
368 987 745 1069 crgodehumanoauxilio,
773 999 882 1042 causam
933 981 1005 1036 ultra
1022 983 1173 1052 procedere
1193 985 1235 1038 vel
1258 985 1432 1041 retrocedere
1461 987 1589 1058 potuerit.
1607 986 1741 1041 Remmi-

72 1113 150 1152 suam
166 1093 304 1150 commisit
323 1091 391 1155 bec,
406 1094 551 1156 etponens
569 1098 647 1154 spem
667 1096 724 1136 succ
741 1079 885 1134 liberatio·
935 1089 990 1127 ram
1017 1088 1072 1128 non
1092 1074 1162 1128 meis
1182 1075 1230 1129 sed
1258 1075 1345 1147 ipsius
1371 1077 1506 1133 Evcrelmi
1521 1077 1613 1133 verbis
1641 1079 1741 1133 dicam.
1775 1110 1778 1115 -

71 1188 158 1242 61616
179 1180 400 1240 66661666161161
415 1175 581 1250 patrocinio,
597 1172 784 1245 apostolorum
807 1171 885 1242 prin·
935 1162 999 1217 Post
1010 1161 1214 1218 invocationem
1232 1163 1279 1217 1161
1297 1170 1324 1218 61
1336 1165 1423 1220 sancti
1440 1165 1582 1221 Wicberti.
1608 1173 1655 1221 aut
1669 1167 1744 1223 1666-

71 1280 140 1351 ,jpis
155 1277 226 1333 pop„
250 1275 380 1331 auxilium
399 1270 553 1343 expetebat,
568 1267 648 1336 cujus
661 1264 815 1321 aecelesiam
833 1265 885 1319 pe.
935 1261 1018 1308 stram
1034 1253 1070 1308 116
1095 1255 1267 1326 ampliatam,
1284 1263 1330 1311 aut
1353 1272 1454 1328 corpus
1468 1275 1548 1314 suum
1563 1260 1599 1315 116
1619 1266 1747 1315 attenua·

72 1368 183 1425 tronilla
208 1372 321 1438 propter
339 1379 369 1418 se
388 1359 554 1433 capiendum
575 1356 746 1412 incenderat.
774 1353 838 1409 Cum
855 1354 883 1408 in
935 1350 991 1399 tutu
1012 1361 1073 1400 essu
1099 1344 1253 1416 Obstupuit,
1275 1353 1305 1400 ut
1332 1346 1487 1402 facultatem
1505 1347 1549 1403 vel
1576 1349 1744 1420 procedendi

72 1457 242 1529 ejuspietato
258 1454 305 1508 diu
322 1460 396 1508 totus
410 1445 756 1522 penderet,vidittandem
772 1444 799 1498 in
810 1460 886 1499 som·
934 1436 978 1491 vet
997 1435 1231 1493 retrocedendiad
1249 1438 1360 1509 plenum
1377 1439 1513 1496 habuerit.
1532 1441 1564 1495 Et
1578 1441 1642 1512 quia
1657 1447 1744 1497 retro-

72 1548 116 1601 nis
129 1545 202 1617 quod
220 1544 279 1614 ipse
292 1539 434 1613 apostolus
448 1535 626 1593 Petronillam
649 1533 838 1608 compellaret,
855 1541 884 1587 ut
934 1530 1034 1587 cedere
1049 1540 1108 1588 erat
1132 1532 1170 1587 illi
1182 1533 1320 1603 odiosum,
1350 1534 1483 1592 animavit
1496 1551 1527 1590 se
1542 1535 1577 1590 ad
1592 1537 1749 1606 proceden-

73 1658 103 1697 se
120 1640 218 1696 obside
234 1643 347 1707 accepto
363 1632 534 1689 Everelmum
548 1630 583 1686 ad
597 1637 705 1701 tempus
720 1629 882 1684 absolveret.
935 1624 1012 1690 dum,
1028 1630 1055 1679 61
1070 1625 1199 1696 mappula
1214 1625 1288 1682 linea
1302 1627 1500 1697 ad,leuostram
1512 1626 1605 1694 affixa,
1621 1643 1671 1699 per
1682 1644 1742 1683 eam

74 1730 151 1798 Quod
175 1746 237 1785 cum
254 1726 289 1781 ab
310 1727 371 1797 ipsa
396 1724 542 1795 impetrare
562 1736 617 1777 non
643 1726 747 1792 posset,
761 1718 887 1792 indigna·
936 1732 965 1771 se
984 1717 1109 1787 quamvis
1130 1718 1286 1788 periculose
1306 1719 1407 1790 dejecit
1425 1721 1459 1776 ad
1479 1729 1591 1778 terram.
1614 1721 1679 1776 Cum
1696 1720 1743 1777 tali

74 1819 187 1876 bandus
217 1815 359 1888 apostolus
379 1812 495 1874 redibat,
513 1809 670 1882 precipiens
689 1807 831 1864 Everelmo
850 1823 886 1863 66
936 1808 1061 1880 periculo
1077 1825 1206 1885 egressus
1218 1810 1312 1879 domo,
1331 1818 1359 1868 et
1373 1820 1503 1884 expertus
1526 1814 1590 1886 qnia
1605 1830 1745 1887 nunquam

75 1930 187 1971 causam
199 1927 277 1967 suam
292 1909 366 1980 turpi
385 1906 552 1963 condicione
572 1905 718 1975 peJeraret.
733 1903 798 1959 Cum
813 1903 885 1958 intc-
936 1900 1055 1956 vincitur
1079 1901 1231 1972 perieulum
1261 1903 1322 1959 sine
1347 1904 1482 1974 periculo,
1506 1906 1610 1962 addixit
1636 1923 1666 1961 so
1691 1921 1747 1962 non

74 2006 213 2075 rimnulla
226 2004 338 2058 daretur
350 2000 376 2056 ei
392 2015 535 2071 paenarum
555 1997 691 2065 remissio,
712 2004 739 2052 et
755 1996 817 2051 ideo
838 1994 888 2050 lla·
937 1991 1036 2047 minori
1054 1992 1186 2063 periculo,
1211 1993 1316 2050 scilicet
1338 2001 1368 2049 ut
1395 1996 1483 2051 exiret
1501 1996 1536 2051 de
1560 1997 1614 2053 alto
1642 1996 1748 2053 castelli

74 2104 166 2171 gravet
179 2092 277 2162 majori
289 2090 447 2163 quaerendae
461 2087 558 2142 salutis
573 2085 722 2152 desiderio,
738 2086 790 2141 boc
804 2085 886 2139 etiarn
937 2095 1025 2137 muro.
1042 2081 1184 2146 Quomodo
1204 2082 1304 2138 vinetis
1323 2084 1441 2154 pedibus
1469 2092 1496 2141 ct
1525 2086 1681 2157 ponderosa
1701 2100 1747 2140 ea-

75 2184 195 2241 intendit
217 2182 320 2245 animo,
347 2186 378 2235 ut
405 2187 529 2233 sanctum
555 2175 724 2231 lllicbertum
750 2175 889 2233 invocaret
939 2174 1136 2248 tenagravatis
1163 2175 1320 2231 ascenderit
1334 2175 1507 2233 altitudinem
1535 2178 1616 2247 muri,
1645 2195 1680 2233 66
1694 2177 1746 2232 mi·

74 2278 217 2343 attentius,
237 2274 316 2343 cujus
343 2271 484 2327 6111666666
510 2268 641 2340 pietatem
673 2267 701 2321 in
736 2266 889 2321 liberandis
940 2266 993 2320 rari
1006 2267 1118 2338 quidem
1135 2275 1224 2339 potest
1245 2269 1345 2341 aliquis
1364 2271 1466 2326 nedum
1486 2272 1623 2342 explicare
1643 2271 1746 2327 verbis.

80 2370 196 2443 captivis
231 2368 356 2424 audierat
397 2364 532 2436 predicari
566 2362 741 2434 apluribus.
775 2361 860 2415 Satist
876 2391 887 2400 -
940 2357 984 2410 Est
999 2355 1110 2428 quidem
1126 2357 1209 2412 nimis
1224 2359 1396 2415 ammiranda
1411 2367 1487 2417 tanta
1513 2361 1593 2416 166116
1608 2361 1659 2416 6161
1680 2376 1748 2417 con·

78 2463 156 2514 61666
188 2457 253 2512 11616
280 2454 430 2518 desiderio,
460 2468 522 2507 cum
557 2451 702 2507 invocabat
727 2466 788 2505 cum
812 2456 887 2504 voto.
938 2445 1193 2508 616611666166116
1218 2448 1355 2504 laudanda
1377 2455 1452 2505 tanta
1479 2450 1623 2521 prudentis
1637 2451 1688 2506 viri
1710 2450 1750 2505 in-

18 2589 21 2592 ,
81 2554 177 2624 Neque
198 2552 251 2606 boc
276 2549 342 2605 sap,
361 2547 415 2602 6666
437 2546 496 2611 suit,
518 2546 566 2600 sed
587 2545 634 2600 uni
660 2559 800 2599 sorvorum
821 2559 890 2599 suo·
942 2534 1058 2589 dustria.
1080 2534 1133 2590 Sed
1160 2552 1215 2591 non
1234 2536 1349 2593 multum
1370 2540 1533 2611 profecisset
1557 2540 1752 2597 tortitudolru·

82 2660 141 2698 rum
169 2642 298 2714 aperiens
323 2655 370 2696 cor
392 2654 485 2706 suum,
508 2637 632 2709 precepit
651 2644 680 2692 ut
701 2636 734 2691 ad
754 2634 891 2690 tumulum
943 2639 1023 2678 mana
1046 2623 1107 2679 sine
1133 2625 1226 2681 divino
1250 2627 1363 2692 auxilio,
1394 2644 1445 2683 ucc
1471 2628 1587 2684 multum
1620 2629 1752 2685 valuisset

81 2731 393 2797 sanclpppicberpj,01‚
418 2744 554 2800 suumque
568 2728 593 2782 ei
618 2736 710 2782 ,ovum
731 2725 894 2798 psaesenvja.
943 2713 1064 2768 bumana
1083 2713 1218 2770 industria
1231 2715 1292 2770 sine
1307 2715 1401 2772 divino
1417 2716 1545 2785 consilio,
1562 2725 1590 2773 et
1612 2717 1674 2773 ideo
1692 2733 1752 2773 om-

85 2821 147 2876 titer
164 2817 284 2876 offerret.
312 2818 394 2873 Venit
416 2834 521 2883 servus,
551 2825 701 2889 scotumque
720 2816 825 2873 donarat
849 2815 892 2870 sui
943 2806 1750 2885 616666161666166666666666666661666666666)

84 2914 183 2971 obtulit
207 2920 303 2968 sancto
328 2911 376 2966 1161
405 2926 486 2982 quam
513 2910 602 2981 potuit
624 2909 769 2977 duveline,
794 2916 821 2964 61
844 2924 894 2964 666
904 2942 931 3011 C
944 2902 1048 2958 castelli
1065 2918 1155 2970 muro,
1177 2902 1334 2959 Everelmus
1348 2911 1495 2960 extractam
1516 2904 1657 2960 camisiam
1673 2921 1750 2960 suam

22 3022 25 3026 ’
86 3005 203 3072 6666611,
234 3005 301 3077 quid
339 3003 455 3069 voverit,
481 3000 633 3058 notificavit
670 3002 770 3073 quibus
794 2999 891 3057 voluit.
943 2991 1753 3064 666661161161666111666666166161166166611616-

86 3098 178 3152 Tertia
205 3092 725 3151 6661666661616166661166666666
753 3110 810 3147 rem
841 3093 891 3146 tm·
943 3099 1046 3151 orsum,
1073 3083 1175 3139 deinde
1197 3085 1323 3140 cadendo
1348 3086 1461 3140 humum
1490 3086 1589 3161 attigit,
1618 3095 1649 3142 ct
1672 3086 1753 3158 quasi

84 3189 244 3262 possibilem
276 3187 383 3243 homini
412 3187 546 3257 incipere,
577 3186 684 3241 66666666
716 3186 803 3241 sancti
834 3185 892 3241 tvi.
943 3174 1264 3231 truncusteresvolutus
1286 3176 1315 3230 in
1343 3178 1452 3251 aggeris
1467 3178 1644 3249 profundum,
1670 3179 1753 3233 etiam

84 3279 182 3343 eberti,
197 3285 366 3348 cooperante
394 3276 448 3330 sibi
463 3277 509 3331 illo
525 3275 568 3330 cui
590 3275 674 3330 nichil
699 3283 741 3330 cst
764 3275 892 3346 impossi·
942 3264 1007 3320 tude
1030 3265 1192 3320 luttuhitttssl
1207 3267 1320 3336 erepsit.
1337 3268 1456 3322 Tandem
1475 3269 1641 3341 ⁰0¹¹tt¹¹ss⁶¹¹⁸
1666 3268 1755 3339 liant·

54 3388 60 3404 ⁴
85 3368 151 3422 bile.
169 3367 245 3431 Quod
270 3365 401 3419 buccine
422 3364 468 3418 [lei
492 3364 594 3419 auritio
619 3364 790 3434 impossibile
809 3363 893 3420 luerit
943 3356 1008 3411 tiem
1037 3356 1137 3427 campi,
1151 3357 1207 3425 jam
1223 3357 1343 3413 habebut
1363 3358 1520 3414 libertatem
1550 3359 1684 3427 abeundi,
1704 3361 1754 3416 sed

87 3459 192 3514 bomini
219 3457 299 3512 facilc
326 3464 403 3527 patet
432 3457 560 3527 sapienti.
591 3456 679 3512 Locus
706 3456 733 3510 in
759 3472 813 3528 quo
837 3472 897 3512 666.
948 3463 1004 3503 non
1024 3447 1143 3503 babebat
1159 3448 1315 3506 facultatem
1340 3453 1436 3508 eundi.
1454 3455 1590 3510 Ettamcn
1611 3472 1684 3512 nunc
1705 3473 1756 3512 na-

87 3555 197 3604 ceratus
213 3546 334 3614 jacebat,
350 3550 406 3600 uno
421 3550 526 3600 tantum
541 3544 680 3616 parietea
707 3544 779 3600 lecto
799 3545 896 3600 Petro·
949 3539 1024 3595 tibus
1048 3556 1078 3595 se
1101 3542 1235 3598 trahendo
1270 3559 1344 3600 nunc
1367 3545 1487 3620 genibus
1521 3548 1644 3620 rependo
1676 3559 1759 3620 prout

90 3635 164 3688 611166
193 3632 321 3687 distabat.
352 3631 419 3698 Quia
448 3633 522 3688 enim
542 3633 695 3688 custodiam
723 3634 805 3703 bujus
829 3633 898 3690 nulli
949 3637 1070 3703 poterat,
1091 3632 1231 3691 desiderio
1252 3651 1302 3692 suo
1330 3616 1536 3708 satisfaciendo,
1566 3647 1697 3712 expertus
1715 3651 1759 3697 cst

88 3727 203 3782 omnino
219 3724 360 3790 credebat,
374 3741 436 3779 eum
449 3725 476 3779 ln
493 3730 546 3780 tam
561 3725 652 3782 vicino
673 3725 727 3781 sibi
743 3726 802 3782 loco
818 3727 897 3782 loca·
950 3720 1016 3792 quia
1030 3720 1164 3777 audentes
1175 3723 1247 3779 Deras
1260 3725 1319 3796 ipse
1332 3726 1419 3796 iuvat.
1439 3727 1494 3784 lloc
1506 3729 1589 3785 modo
1605 3731 1756 3801 proximam

19 3834 22 3839 ’
88 3822 177 3878 66661,
206 3814 252 3868 ubi
276 3814 300 3868 61
322 3813 422 3885 aliquis
449 3815 732 3888 quantulumcumque
760 3815 899 3888 loquendo
950 3808 1044 3864 silvam
1060 3810 1247 3879 pertransivit.
1273 3813 1326 3869 Sed
1346 3815 1444 3872 timere
1464 3818 1548 3889 coepit
1567 3819 1609 3874 vir
1635 3826 1758 3892 sagaxet

90 3908 258 3974 mussitaret,
284 3906 327 3961 vel
343 3907 447 3979 aliquid
476 3907 592 3983 fragoris
615 3909 729 3977 luceret,
759 3910 812 3965 boc
840 3909 900 3981 ipsa
951 3897 1114 3967 iudustttusst
1145 3901 1758 3981 110tulletuuuuttutuluquaet'uuttbussdt

89 4001 203 4057 arrectis
226 4001 339 4055 auribus
356 4002 538 4072 praesentiret.
563 4001 629 4058 Boia
649 4002 900 4073 (9171661661666
950 3988 1066 4060 lessttgtl
1085 4004 1135 4044 ⁵¹¹³
1150 3990 1427 4062 d⁰lll0i¹⁰ull⁰luutut
1441 3998 1475 4052 ut)
1495 3997 1692 4073 tuduguuttbus
1713 4015 1759 4055 ca·

91 4092 258 4148 convinctim
287 4090 495 4164 eonstringebat
528 4092 651 4165 undique
678 4099 826 4167 utrumque
855 4109 902 4149 ca·
952 4080 1041 4138 nibus·
1059 4084 1227 4141 Ηῡθῑῑῐηθΐθ
1246 4086 1319 4142 Viles
1339 4088 1425 4142 animi
1453 4097 1479 4144 ⁰¹
1504 4091 1760 4166 ⁰⁰lp0st⁸⁰⁰¹¹isstt=

92 4184 159 4255 ptiri
189 4184 299 4253 podem,
328 4192 358 4238 66
392 4183 493 4238 „unam
522 4185 635 4241 omnino
674 4185 789 4242 haberer
816 4185 900 4241 eundi
951 4177 979 4225 et
1002 4173 1118 4228 saltibus
1137 4173 1176 4229 uti
1204 4174 1340 4246 coepit,et
1364 4177 1762 4250 166616661166616666166-

21 4308 26 4315 .
93 4274 344 4338 f20u11310m‚puis
363 4275 436 4329 enim
457 4275 608 4331 6666666666
627 4283 655 4331 et
681 4277 802 4334 immotis
823 4278 902 4348 pedi.
916 4245 942 4314 Ι)
955 4267 1086 4325 ltuentem
1103 4269 1245 4324 tluviolum
1266 4270 1415 4338 transjecit,
1430 4278 1457 4325 et
1479 4271 1577 4328 limosa
1593 4272 1653 4343 ripa
1673 4273 1763 4329 mani·

95 4365 295 4427 buaiaeedat?
311 4366 364 4421 Sed
390 4382 441 4421 nec
463 4365 619 4423 facultatem
640 4368 760 4425 babebat
774 4368 903 4425 movendi
953 4359 1076 4413 bussuts
1095 4364 1199 4422 cuuutu,
1221 4357 1248 4410 tu
1262 4373 1295 4412 uu
1320 4365 1407 4413 tutum
1434 4359 1508 4415 diem
1537 4361 1623 4419 latuit·
1645 4363 1763 4420 Videbat

95 4471 125 4509 se
155 4454 265 4510 deloco
285 4454 318 4508 ad
342 4454 442 4520 locum,
460 4455 512 4509 nisi
532 4462 578 4511 aut
603 4457 712 4512 uatibus
733 4465 760 4512 et
775 4458 904 4512 manibus
954 4457 1066 4522 propter
1087 4465 1118 4504 ⁸⁰
1146 4449 1326 4520 quirendum
1352 4450 1403 4505 ¹¹⁸⁰
1423 4451 1485 4507 5¹¹³ss
1499 4452 1761 4525 circumcursantes,

95 4563 127 4602 se
157 4546 303 4614 trahendo,
328 4552 375 4601 aut
406 4547 534 4602 manibus
552 4554 579 4603 et
610 4547 730 4621 genibus
758 4549 903 4620 reptando.
953 4541 1066 4598 videbat
1078 4557 1161 4597 canes
1179 4540 1347 4612 odorisequo
1374 4541 1470 4598 babitu
1487 4544 1604 4621 vestigia
1620 4563 1669 4603 sua
1686 4548 1763 4605 inda·

98 4637 128 4689 ln
151 4634 294 4706 crepidine
316 4634 368 4689 loci
399 4635 474 4690 illius
499 4636 629 4706 jacebant
658 4636 712 4692 duo
737 4636 821 4711 ligna,
848 4651 904 4692 nou
954 4639 1061 4705 gentes,
1096 4629 1206 4684 videbat
1231 4639 1258 4685 et
1283 4630 1413 4687 audiebat
1439 4633 1616 4691 mulierculas
1642 4636 1762 4708 juxtaso

97 4739 162 4778 casu
183 4728 213 4777 61
229 4723 368 4778 credimus
389 4723 428 4778 ibi
448 4723 580 4794 projecta,
598 4723 647 4778 sed
667 4723 760 4778 divino
781 4730 848 4778 nutu
865 4723 905 4778 1111
955 4720 1069 4776 herbam
1084 4720 1256 4791 colligentes,
1271 4736 1323 4775 nec
1342 4726 1433 4778 tamen
1454 4725 1510 4780 ullo
1531 4726 1613 4782 modo
1629 4743 1764 4798 6666166-

97 4813 200 4869 oblata.
228 4815 379 4888 16666666
407 4815 498 4887 itaque
531 4821 655 4870 naturam
683 4815 795 4871 vincere
822 4814 905 4869 indu·
956 4812 1088 4868 lutissuae
1103 4811 1271 4881 deponebat.
1287 4813 1455 4887 lamquedie
1470 4819 1574 4886 clauso,
1593 4819 1765 4892 quipericli·

100 4908 178 4974 stria,
208 4909 294 4963 multo
319 4908 413 4963 labore
442 4918 537 4964 cavata
562 4910 692 4965 manibus
711 4915 793 4977 terra,
820 4907 908 4963 infixit
958 4907 1025 4962 tanti
1039 4906 1186 4962 videbatur
1213 4923 1273 4963 esse
1295 4908 1404 4985 longior
1417 4917 1472 4968 toto
1492 4929 1576 4981 anno,
1597 4924 1624 4969 et
1643 4913 1766 4971 instante

102 5007 181 5054 terrae
205 5000 264 5072 ipsa
284 5000 368 5074 ligna,
389 5010 417 5055 et
443 5008 579 5072 oportune
599 5002 683 5074 coepit
705 5002 828 5074 rependo
848 5017 908 5056 ma·
959 4999 1049 5055 noctis
1063 4998 1236 5069 crepusculo,
1252 5009 1311 5056 erat
1324 5002 1419 5058 videre
1433 5011 1461 5060 et
1474 5005 1568 5060 audire
1581 5022 1665 5077 quam
1687 5006 1766 5062 multi

100 5088 184 5142 nibus
214 5096 241 5143 ot
256 5090 376 5164 genibus
390 5091 551 5156 ascendere,
576 5101 603 5146 et
622 5100 677 5147 tam
707 5092 844 5148 laboriose
863 5107 909 5146 su·
960 5093 1130 5149 Everelmum
1159 5092 1283 5165 undiquc
1319 5095 1660 5166 ventilabant·cornibus,
1684 5116 1767 5172 quam

101 5188 195 5249 perata
212 5179 348 5252 lignorum
361 5180 516 5248 altitudine,
533 5181 674 5236 nitebatur
683 5180 797 5252 laquear
809 5181 908 5236 domus
958 5180 1037 5236 multi
1057 5180 1247 5236 discurrebant
1263 5182 1366 5256 ubique
1386 5201 1447 5241 cum
1465 5185 1578 5242 laternis
1601 5196 1628 5242 et
1650 5187 1768 5256 lacibus,

100 5271 246 5344 attingere.
268 5273 298 5328 Et
315 5273 423 5328 revulsa
443 5289 499 5328 una
511 5273 649 5345 laquearis
662 5272 765 5340 tabula,
781 5273 816 5327 ad
829 5288 910 5344 supe·
959 5290 1040 5346 quam
1057 5273 1135 5329 multi
1149 5290 1213 5329 cum
1238 5291 1289 5347 per
1311 5277 1407 5333 silvam
1423 5280 1594 5335 venabantur
1609 5280 1769 5356 indaganti-

101 5358 159 5415 rius
186 5361 337 5417 tabulatum
365 5362 465 5418 domus
488 5363 545 5432 jam
567 5369 742 5434 pervenerat.
760 5361 825 5426 Quae
849 5376 911 5418 om·
960 5362 1013 5418 bus
1029 5362 1156 5418 canibus.
1183 5363 1245 5419 11661
1265 5366 1357 5421 omnis
1378 5364 1422 5421 via
1448 5367 1576 5441 obsessa,
1601 5376 1660 5425 erat
1681 5369 1775 5425 omnis

883 5484 989 5543 torm.

138 5584 263 5656 (9116116
279 5585 456 5657 Gottendeys,
476 5587 619 5645 castellum
635 5585 841 5643 ldechtiniense.
988 5583 1059 5654 (111116
1075 5584 1094 5638 l.
1107 5600 1131 5640 e.
1154 5592 1264 5640 catena.
