3720 6014
135 256 187 313 d'll
742 252 916 312 stuuuunlt
939 247 1195 309 andelacensis.
1756 232 1805 290 ffl

138 396 233 438 aurem
261 381 378 437 advertit
405 389 556 458 gratanter,
579 390 607 439 et
630 384 793 455 petitionem
817 382 942 439 fidelium
956 385 980 455 Α
994 393 1097 454 genere
1120 382 1148 431 et
1161 373 1265 431 divitiis
1285 363 1438 436 eminebat,
1459 367 1539 436 eujus
1559 363 1742 422 nobilitatem
1757 360 1807 418 alia

139 470 236 528 Christi
252 472 359 543 accepit
386 473 544 547 dignanter.
573 474 675 529 Annuit
698 475 771 530 enirn
803 472 943 530 communi
995 450 1808 539 nobilitasaugebat-eiquippelleinuidisgermananohi'·

140 560 323 631 palatinorum
334 561 461 628 consilio,
472 571 499 617 et
510 563 596 638 reguli
611 563 718 619 censuit
728 564 831 631 edicte,
847 569 878 620 ut
888 571 946 618 rata
995 560 1094 617 tissimi
1107 558 1226 615 senioris
1248 555 1336 611 nestri
1350 550 1484 607 Wicberti
1504 549 1638 604 nubserat
1653 544 1756 600 —hic
1771 542 1808 598 in

140 658 168 707 et
196 652 356 708 inconvulsa
380 664 554 724 permaneret
578 655 687 712 novella
715 655 948 711 Gemmelaoensis
995 653 1110 724 iustitiae
1124 650 1216 723 gladio
1229 647 1380 712 accinctus,
1400 641 1559 714 cupiditatis
1573 639 1661 695 armis
1675 633 1807 704 conlisus,

140 739 261 795 ooenobii
283 742 463 807 constructio,
489 750 516 798 et
538 743 670 816 quioquid
690 743 730 799 illi
758 743 890 799 aecclesiae
914 743 949 798 ab
1000 749 1099 806 clamat
1113 744 1364 802 Gemmelaoensem
1390 738 1487 794 fiscum
1503 734 1675 792 hereditaria
1695 732 1762 808 lege
1780 747 1808 787 ex

141 827 203 900 ipso
223 827 325 884 domno
350 829 488 887 Wieberte
503 832 546 888 vel
572 833 654 888 etiam
674 833 791 890 aliorum
806 834 952 889 venerabi·
1002 834 1177 893 matrimonio
1190 832 1283 888 uxoris
1298 845 1355 885 suae
1371 826 1504 883 lienuidis
1515 824 1550 860 ⁸¹⁵⁸
1564 824 1618 880 sibi
1634 829 1808 909 competere,

141 916 214 979 lium
227 922 348 978 virorum
363 924 509 999 largitione
523 926 612 983 luerat
625 943 799 997 conoessum,
813 935 843 985 ut
857 930 950 985 nullus
1004 925 1114 984 affinem
1137 937 1217 979 suurn
1236 919 1406 976 Wicberturn
1422 933 1478 972 non
1497 914 1625 988 legaliter
1640 912 1747 983 egisse,
1768 913 1809 984 qui

144 1013 298 1070 infidelium
316 1016 360 1071 vel
374 1017 474 1091 aliquis
494 1019 628 1075 horedum
653 1020 712 1089 ejus
732 1020 885 1096 infringere
900 1036 950 1076 au·
1000 1016 1052 1073 snb
1085 1018 1201 1086 optentu
1229 1009 1373 1084 religionis
1401 1021 1514 1061 uxorem
1538 1019 1627 1066 susm,
1651 1012 1809 1075 germanam

144 1104 393 1161 deatoruuinoost
413 1107 600 1164 interdictum.
620 1110 737 1181 Insuper
763 1110 952 1183 permissaest
1002 1106 1110 1164 seilicet
1138 1102 1223 1169 illius,
1250 1099 1368 1156 voluerit
1397 1097 1500 1168 injuste
1532 1092 1718 1149 exheredare.
1750 1089 1809 1147 cns

145 1192 186 1247 eis
201 1199 322 1262 potestas
339 1195 502 1251 advocatum
522 1205 550 1253 et
574 1198 728 1270 regularem
742 1199 869 1255 abbatem
888 1215 949 1254 curn
1004 1201 1107 1267 tempta
1122 1206 1188 1266 ergo
1203 1187 1357 1261 imperialis
1369 1186 1452 1242 curiae
1465 1184 1640 1250 auctoritate,
1652 1185 1809 1252 contempto

146 1283 263 1366 imperio
277 1287 349 1361 regis
364 1288 496 1362 eligendi,
513 1289 655 1345 castellum
669 1291 860 1359 construendi,
876 1306 951 1345 mer·
1001 1289 1159 1364 apostolicae
1185 1300 1309 1342 censurae
1329 1283 1515 1348 anathemate,
1542 1278 1649 1349 junctis
1668 1276 1726 1333 sibi
1744 1288 1809 1334 com·

144 1380 247 1438 catum,
276 1390 467 1444 percussuram
486 1388 614 1444 monetae,
641 1379 802 1435 matheriam
821 1378 950 1435 faciendi.
1002 1379 1121 1453 plicibus
1135 1390 1192 1432 suae
1216 1372 1368 1445 injustitias,
1397 1385 1452 1425 non
1479 1369 1557 1423 timet
1572 1367 1714 1422 abbatiam
1742 1365 1810 1421 insu

147 1463 207 1534 lpse
229 1463 366 1520 locus-ah
387 1468 463 1522 omni
487 1470 610 1524 omnium
637 1470 750 1525 servitio
766 1471 897 1525 immunis
911 1477 952 1525 est
1002 1474 1091 1528 lenter
1115 1467 1257 1533 invadere,
1283 1470 1311 1519 et
1333 1461 1515 1519 substantiam
1535 1458 1651 1514 fratrum
1682 1456 1810 1514 violenter

147 1552 282 1620 redditus,
312 1554 341 1608 in
367 1555 487 1624 civitate,
516 1558 686 1627 incestabo,
708 1560 736 1614 in
763 1560 838 1626 villa,
867 1575 953 1630 super
1002 1557 1136 1628 diripere.
1153 1556 1183 1610 ln
1203 1552 1324 1610 officinis
1338 1548 1449 1606 claustri
1471 1548 1535 1620 equi
1562 1547 1750 1612 stabulantur,
1770 1554 1811 1617 ptr

136 1660 242 1716 aquas,
256 1645 286 1699 iu
301 1647 441 1716 pontibus,
459 1649 487 1703 in
502 1651 631 1707 omnibus
650 1651 760 1724 imperii
779 1653 822 1707 sui
837 1652 905 1708 loeis
917 1651 951 1707 ab
1004 1653 1064 1707 locu
1093 1640 1261 1703 monachicae
1286 1642 1429 1699 solitudini
1458 1639 1645 1712 competentia
1672 1637 1813 1694 seculares

148 1733 223 1790 omni
239 1735 368 1793 theloneo
387 1745 414 1793 et
426 1739 526 1797 tributo
546 1751 588 1797 est
614 1743 767 1808 absolutus,
781 1744 879 1816 sub,ull
894 1744 952 1801 solo
968 1696 1129 1812 Bpersonae
1143 1735 1238 1792 inolito
1252 1738 1402 1807 vagantur:
1424 1729 1522 1786 iratres
1550 1745 1600 1801 per
1616 1727 1736 1784 latibula
1759 1742 1813 1783 sas

149 1822 232 1897 regiae
246 1822 417 1881 detensionis
432 1827 585 1886 munimine
599 1830 741 1901 subjectus
755 1831 800 1887 ⁸⁸⁰.
1004 1826 1102 1885 ctuarii
1118 1824 1367 1898 quomodocunque
1391 1837 1454 1876 sese
1474 1825 1607 1882 tutantur,
1634 1823 1664 1874 et
1690 1817 1720 1871 iu
1739 1822 1813 1873 tanta

185 1911 229 1966 lx.
246 1911 339 1967 Omnis
363 1929 407 1968 res
433 1915 489 1984 jam
517 1909 669 1989 composita
687 1920 845 1986 videbatur,
861 1921 954 1976 omnia
1005 1921 1192 1979 tribulationis
1205 1919 1322 1974 articulo
1336 1916 1492 1972 subsidium
1504 1914 1606 1971 divinae
1623 1911 1739 1984 pietatis
1752 1910 1815 1983 pre·

146 2001 203 2070 jam
220 2003 248 2056 in
264 2009 323 2058 tuto
344 2019 404 2059 esse
417 2006 611 2076 credebantur,
632 2011 700 2066 nihil
712 2027 746 2066 ex
771 2011 864 2083 aliqua
877 2022 954 2084 parte
1005 2019 1150 2074 statuatur.
1164 2014 1315 2070 Videbatur
1328 2027 1429 2083 nempe
1446 2011 1480 2046 ⁸⁵⁸
1506 2008 1653 2065 malevolis
1668 2004 1815 2078 implenda

150 2099 333 2155 metuebatur.
350 2101 388 2156 lle
403 2102 485 2159 rebus
498 2107 632 2163 aeeelesiae
648 2108 754 2164 traditis
768 2116 796 2164 et
815 2109 849 2165 de
870 2109 955 2164 liber·
1005 2109 1147 2179 injustitiae
1168 2112 1337 2178 oportunum
1365 2118 1427 2158 esse
1452 2109 1572 2172 ternpus,
1606 2099 1674 2172 quia
1700 2098 1737 2134 ⁸⁸⁸
1766 2092 1817 2169 ipse

151 2194 206 2243 tate
227 2189 314 2259 ipsius
338 2189 392 2246 loci
414 2201 488 2248 carta
514 2196 682 2267 conscripta,
704 2196 842 2268 imperiali
864 2198 955 2254 edicto
1005 2209 1117 2256 sanctus
1131 2199 1173 2255 vir
1198 2196 1355 2253 Wiebertus
1382 2195 1486 2250 mundo
1502 2193 1560 2263 jam
1579 2199 1720 2260 mortuus,
1744 2190 1816 2246 etab

152 2286 210 2334 erat
233 2280 403 2346 confirmata,
433 2295 461 2341 et
487 2288 562 2342 anuli
591 2288 745 2361 imperialis
771 2291 955 2363 impressione
1006 2293 1289 2367 eislongeremotus,
1305 2284 1651 2344 excusseratseacunctis
1668 2282 1819 2340 ratiociniis

149 2369 326 2425 auctorizata.
347 2372 411 2437 Quae
430 2376 608 2433 auctorizatio
636 2377 707 2434 laeta
725 2386 768 2434 est
783 2381 957 2436 sollemniter
1005 2384 1141 2440 mundani
1168 2380 1314 2447 tumultus;
1341 2394 1423 2450 porro
1453 2376 1540 2432 abbas
1571 2375 1705 2431 Erluinus
1727 2390 1821 2431 recens

152 2461 258 2529 Leodii,
284 2464 318 2517 lx
338 2464 395 2520 llal.
411 2466 544 2531 Octobris.
572 2486 645 2527 anno
661 2472 808 2528 dominicas
830 2473 957 2529 incarna—
1006 2476 1095 2533 oculis
1115 2474 1249 2547 privatus,
1267 2470 1455 2526 restaurandis
1469 2469 1553 2525 rebus
1567 2467 1687 2540 perditis
1707 2466 1820 2538 putabi-

153 2552 238 2607 tionis
251 2553 313 2617 bib,
324 2554 475 2612 indictione
489 2561 516 2628 l,
531 2563 609 2637 regni
622 2563 833 2621 domniOttonis
848 2566 868 2619 l.
883 2581 956 2622 anno
1008 2573 1053 2622 tur
1064 2579 1125 2620 esse
1142 2563 1233 2616 minus
1248 2559 1375 2616 idoneus.
1401 2557 1450 2613 llic
1465 2557 1578 2613 sinister
1598 2570 1695 2610 rumor
1714 2562 1746 2609 ut
1763 2560 1821 2624 pe'r-

152 2643 197 2710 ll,
217 2644 372 2700 cathedram
399 2647 581 2719 trajectensis
598 2655 732 2712 aeoelesiae
752 2665 863 2731 regente
884 2657 959 2713 Utro·
1008 2660 1074 2717 culit
1097 2673 1177 2713 aures
1192 2655 1278 2712 saneti
1307 2653 1360 2711 viri
1385 2653 1464 2722 cujus
1491 2650 1666 2708 conversatio
1689 2650 1748 2720 jam
1769 2634 1822 2704 era¹

153 2749 235 2808 gone.
252 2734 290 2789 ld
306 2737 377 2794 hane
392 2739 630 2799 confirmationem
654 2745 804 2818 imperialis
815 2747 960 2817 potestatis
1008 2750 1037 2804 in
1065 2747 1155 2814 coelis,
1177 2745 1244 2818 quid
1264 2745 1291 2800 oi
1312 2751 1379 2798 tune
1405 2740 1490 2797 luerit
1508 2740 1604 2806 animi,
1625 2755 1682 2795 non
1698 2754 1772 2810 opus
1787 2744 1824 2794 est

154 2827 366 2885 accessitetianr
395 2833 647 2903 apostolicaesedis
673 2840 833 2905 auctoritas,
862 2840 960 2895 durna
1009 2855 1172 2914 expromere
1200 2839 1233 2873 ⁸⁵⁷
1250 2836 1351 2893 verbis.
1369 2834 1415 2890 Cui
1433 2834 1558 2907 quamvis
1584 2829 1823 2905 indignumvide·

157 2916 306 2974 benedicto
328 2919 447 2992 septimo
476 2923 559 2992 hujrrs
584 2926 706 2982 nominis
730 2944 802 3000 papa
816 2929 959 2985 decretum
1010 2941 1087 2987 retur
1101 2931 1135 2986 de
1160 2929 1229 2985 stiva
1243 2927 1374 2984 dominici
1396 2927 1479 2981 aratri
1495 2924 1591 2980 oculos
1609 2930 1685 2979 retro
1707 2936 1824 2978 conver·

156 3020 207 3079 est,
219 3019 248 3067 ut
261 3020 318 3069 rata
331 3017 441 3071 essetin
451 3020 853 3089 perpetuumGemmelacensis
864 3040 956 3080 coeno·
1005 3032 1073 3093 tere,
1090 3031 1117 3080 et
1131 3039 1213 3096 grnvc
1233 3030 1307 3078 esset
1316 3037 1346 3076 se
1358 3020 1504 3076 emeritum
1526 3017 1625 3073 militia
1645 3017 1723 3073 bello
1740 3030 1822 3072 runn-

154 3103 194 3158 bii
210 3116 362 3179 praerogata
377 3108 548 3166 immunitas.
569 3111 712 3167 Decretum
721 3123 764 3170 est
777 3115 869 3183 etiam,
885 3123 914 3171 ut
925 3073 996 3172 deC
1010 3114 1089 3170 danae
1112 3111 1310 3169 sollicitudinis
1331 3109 1430 3165 iterum
1458 3107 1609 3173 involvere,
1637 3120 1694 3160 non
1718 3106 1824 3162 distulit

157 3196 212 3252 alio
227 3200 395 3256 monasterio
413 3200 450 3256 ibi
465 3203 550 3259 abbas
565 3220 619 3261 non
635 3206 827 3275 constituatur,
842 3208 891 3263 sed
908 3209 961 3279 ipsi
1012 3210 1103 3259 tamen
1119 3218 1169 3274 pro
1184 3199 1363 3256 consolandis
1383 3197 1513 3253 iratribus
1528 3197 1580 3250 iter
1595 3195 1767 3264 accelerare,
1782 3194 1825 3268 qui

158 3289 229 3344 servi
239 3289 445 3348 lteisecundum
455 3296 542 3351 sanoti
550 3297 690 3354 Benedicti
706 3298 828 3374 regulam
837 3300 962 3356 viventes
1012 3308 1062 3364 pro
1077 3292 1131 3346 illis
1141 3296 1254 3362 partlm
1266 3295 1324 3345 erat
1340 3287 1422 3343 ellam
1433 3285 1552 3342 animam
1569 3299 1685 3356 ll⁰¹¹⁰f⁰·
1707 3283 1826 3340 venies*

156 3394 189 3434 ex
204 3396 253 3435 sua
273 3381 382 3453 propria
401 3385 615 3460 congregatione
636 3387 761 3445 abbatem
778 3390 897 3462 eligendi
913 3405 963 3461 po·
1012 3403 1079 3463 ergo
1094 3387 1266 3442 desideratus
1278 3385 1312 3438 ad
1328 3383 1513 3438 desideratum
1528 3381 1619 3436 locum
1633 3379 1682 3451 qui
1698 3380 1825 3436 testimo·

156 3472 283 3523 testatem
301 3469 431 3539 habeant,
444 3479 471 3528 et
486 3480 515 3527 ut
530 3473 615 3530 abbas
638 3475 698 3547 ipse
722 3477 874 3552 privilegiis
888 3477 962 3533 sedis
1013 3479 1090 3534 nium
1104 3485 1163 3533 erat
1176 3493 1234 3532 suae
1250 3475 1417 3541 devotionis,
1431 3472 1562 3529 tristeset
1575 3471 1716 3526 desolatos
1730 3469 1826 3527 iratres

156 3559 315 3630 apostolicas
341 3561 436 3619 infulis
449 3565 606 3634 decoretur,
622 3576 650 3622 ot
665 3574 693 3623 ut
708 3568 799 3639 ipsum
821 3578 963 3625 monaste·
1013 3571 1156 3627 confirmat
1183 3568 1277 3625 verbis
1305 3565 1520 3632 consolatoriis,
1550 3570 1578 3620 et
1605 3562 1708 3636 quibus
1735 3562 1826 3635 potuit

155 3649 224 3706 rium
241 3651 293 3706 sub
303 3651 373 3724 juris
388 3653 498 3710 dicione
520 3663 620 3711 sanctur
639 3656 768 3713 Romanae
789 3657 822 3692 ⁸⁸¹
849 3668 961 3728 aposto·
1013 3663 1098 3718 armis
1113 3661 1275 3717 humilitatis
1294 3667 1321 3715 et
1340 3658 1484 3714 modestiae
1510 3656 1629 3712 occurrit
1647 3655 1824 3723 adversariis,

155 3741 215 3797 licre
243 3743 318 3798 sedis
339 3745 530 3813 constitutum,
564 3747 668 3803 nullius
688 3748 801 3805 alterius
829 3750 961 3806 eecclesiae
1012 3750 1235 3808 otieritatemet
1255 3745 1546 3817 eupiditatemeorum
1562 3743 1689 3813 mitigare
1715 3739 1825 3796 labora·

152 3833 224 3901 iuris
235 3833 391 3889 dicionibus
401 3835 594 3906 submittatur;
609 3839 813 3896 interminando
824 3857 857 3895 ex
870 3848 962 3898 aucto·
1011 3846 1058 3901 bat
1083 3844 1196 3901 monitis
1222 3841 1365 3897 suasoriis.
1395 3840 1434 3895 llli
1465 3837 1641 3910 praeseqtiarn
1669 3835 1825 3891 sanctitatis

80 3932 84 3941 “
155 3921 235 3975 ritate
250 3921 324 3977 boati
340 3923 412 3978 Petri
436 3926 625 3996 apostolorum
642 3927 785 3999 principis,
806 3929 857 3984 sub
873 3930 960 3985 divini
1011 3939 1071 4008 ejus
1101 3935 1303 4008 aliquantulum
1334 3933 1454 3998 reveriti,
1480 3937 1510 3985 ut
1541 3930 1617 3986 allud
1642 3928 1771 3984 clausum
1797 3924 1824 3982 5¹¹

154 4011 338 4070 obtestatione
358 4015 457 4085 judicii
482 4033 514 4073 ao
539 4019 637 4074 validis
664 4020 847 4077 anathematis
875 4022 960 4078 iuter·
1010 4034 1123 4100 pectore
1137 4024 1210 4081 aliud
1233 4025 1261 4080 in
1276 4023 1371 4098 lingua
1387 4026 1544 4093 promptum
1561 4018 1709 4081 habentes,
1730 4033 1823 4073 cesse·

79 4146 82 4150 <
156 4102 334 4169 dictionibus,
354 4112 384 4160 ur
398 4107 473 4162 nulla
487 4107 635 4180 aliquando
650 4109 788 4182 vulparia
802 4113 844 4168 vel
860 4129 960 4185 magna
1010 4130 1074 4178 runt
1085 4121 1119 4176 ad
1141 4126 1251 4190 tempus
1268 4118 1328 4187 ejvs
1349 4098 1493 4182 voluntari,
1515 4131 1544 4169 se
1561 4114 1662 4169 intuitu
1680 4111 1825 4169 affinitatis

156 4209 274 4266 persona
287 4195 392 4268 aliquid
407 4199 441 4255 de
455 4200 537 4257 robus
546 4201 589 4256 vel
606 4203 829 4273 possessionibus
838 4206 872 4261 ad
886 4206 959 4263 idem
1012 4212 1073 4281 ejus
1086 4210 1120 4266 ab
1135 4208 1269 4282 injustitia
1286 4208 1336 4262 ista
1348 4213 1503 4263 cessaturos
1515 4203 1643 4274 polliciti.

154 4286 351 4343 monasterium
367 4289 571 4360 pertinentibus
581 4291 688 4347 auferre
704 4294 747 4349 vel
758 4295 879 4352 alienare
888 4313 961 4368 prae·
1046 4301 1089 4356 ll.
1106 4300 1140 4335 ⁸³⁸
1153 4299 1224 4369 Sepe
1236 4296 1398 4353 nominatus
1411 4300 1438 4349 et
1452 4309 1520 4364 sepe
1533 4290 1723 4347 nominandus
1747 4291 1827 4347 nobis

155 4387 254 4435 sumat.
272 4381 328 4437 lloc
346 4382 478 4470 scriptum
503 4399 552 4454 per
566 4401 677 4441 manum
706 4388 844 4446 Boneiacii
860 4383 1129 4452 notariiDdomnus
1145 4385 1300 4442 Wiobertus
1312 4391 1364 4439 tarn
1382 4382 1520 4458 gratiosus
1535 4379 1663 4448 suitllco,
1680 4386 1712 4435 ut
1724 4362 1827 4455 dignus

155 4473 304 4546 regionarii
314 4480 395 4546 atque
409 4475 544 4532 scriniarii
556 4485 657 4534 sanetas
674 4478 803 4535 Romanae
818 4480 961 4548 aeoclesiae,
1012 4481 1096 4537 luerit
1121 4480 1203 4535 etiarn
1245 4475 1404 4548 apostolicae
1426 4471 1633 4544 praedicationis
1657 4471 1827 4528 ministerio.

156 4563 249 4619 datum
276 4571 318 4620 est
349 4565 366 4620 8
394 4565 451 4622 llal.
477 4567 577 4639 Aprilis
615 4585 665 4641 per
700 4585 799 4625 manus
830 4569 962 4639 Stephani
1013 4574 1085 4630 Gens
1098 4571 1237 4644 siquidem
1257 4569 1441 4642 Ungarorum,
1462 4580 1523 4637 quae
1551 4562 1721 4637 quibusdam
1736 4562 1829 4619 muni·

157 4656 280 4729 episcopi
300 4674 331 4713 ac
353 4657 559 4716 bibliothecarii
579 4667 680 4716 sanctae
703 4660 778 4716 sedis
792 4661 961 4733 apostolieae,
1013 4662 1129 4720 tissimis
1143 4658 1226 4715 clusis
1253 4662 1370 4721 remota,
1386 4669 1437 4709 nee
1452 4654 1487 4708 ad
1511 4652 1693 4708 meridianam
1720 4668 1777 4708 nee
1791 4651 1826 4708 ad

157 4760 230 4800 anno
245 4744 423 4816 pontificatus
437 4749 533 4805 domni
554 4748 694 4805 benedicti
711 4750 756 4805 vll
783 4766 860 4821 papae
876 4765 961 4817 nono,
987 4761 989 4764 ·
1013 4748 1214 4805 occidentalem
1229 4746 1337 4818 plagam
1353 4743 1473 4799 exeundi
1495 4741 1630 4797 habuerat
1655 4740 1829 4808 facultatem,

157 4837 311 4907 imperante
326 4838 455 4897 Ottonea
474 4843 529 4898 lieo
543 4848 673 4899 coronato
688 4857 788 4915 magno
801 4858 834 4899 ac
849 4841 963 4912 pacifico
1014 4859 1065 4916 per
1089 4840 1231 4898 Amulium
1256 4840 1451 4910 imperatorem
1480 4835 1569 4907 ruptis
1597 4835 1685 4891 clusis
1715 4834 1829 4899 emissa,

158 4928 422 5001 imperatore,anno
442 4932 482 4998 16,
503 4933 605 5004 quiest
623 4932 908 4989 annusllominidbd.
1013 4939 1121 4990 mortuo
1147 4928 1259 4986 hrnulio
1284 4929 1461 4998 imperatore,
1491 4931 1573 4980 totam
1597 4923 1717 4991 ltaliam,
1746 4929 1829 4979 totam

194 5019 238 5077 13.
254 5020 295 5076 lta
309 5020 470 5094 aliquandiu
484 5025 623 5081 arridente
641 5041 741 5082 sereno
760 5026 829 5082 ooelo
848 5040 965 5097 prospe·
1014 5021 1187 5078 Germaniam
1210 5024 1242 5074 ut
1270 5015 1327 5072 iera
1366 5019 1518 5086 tempestas
1559 5010 1635 5067 vario
1666 5010 1831 5068 vastationis

160 5113 258 5181 ritatis,
274 5113 424 5186 derepente
438 5114 577 5172 inhorruit
589 5116 704 5188 inopina
718 5117 852 5172 immissio
868 5115 964 5172 diabe·
1015 5128 1117 5189 genere
1139 5110 1309 5183 depopulata
1323 5114 1364 5163 est
1390 5123 1440 5179 per
1455 5119 1543 5162 annos
1557 5103 1668 5158 circiter
1683 5104 1829 5177 quiuqua-

161 5202 221 5259 lioae
247 5203 428 5275 tempestatis.
463 5204 606 5276 Siquidem
632 5206 818 5263 lleribrandus
842 5207 877 5262 de
904 5205 966 5262 vieo
1016 5203 1101 5278 ginta.
1116 5199 1178 5255 llaec
1188 5198 1349 5272 gensetlam
1359 5203 1485 5266 tempore
1498 5191 1580 5266 primi
1592 5190 1701 5248 Ottonis
1712 5205 1829 5265 aggres-

160 5294 301 5354 llainwolt
323 5297 367 5366 ⁸⁸²,
395 5297 442 5370 qui
467 5297 538 5353 inter
557 5298 665 5355 nobiles
691 5299 913 5370 Bratuspantium
932 5297 967 5333 ⁸⁵⁸
1017 5311 1047 5351 sa
1065 5295 1099 5330 ⁸⁵⁹
1115 5292 1332 5368 lotharingiam,
1362 5289 1482 5348 deducta
1503 5294 1580 5344 esta
1606 5285 1680 5343 duce
1704 5282 1831 5341 conrado

834 5403 945 5460 VthAE
962 5400 1152 5458 LECTlONES.

199 5501 234 5535 ⁸⁸⁹
253 5517 286 5556 ao
297 5502 348 5558 sub
361 5503 386 5561 3.
431 5504 466 5540 ⁸³⁰
479 5509 571 5560 mest
589 5518 612 5558 s.
629 5502 655 5560 3.
693 5502 888 5561 ⁸⁵¹lt.eta.2.
929 5501 1113 5558 ⁸⁸²ldaviwelt
1138 5500 1165 5556 5.
1204 5497 1474 5553 ‘⁵³brabautensium
1495 5495 1527 5549 ib
1590 5490 1830 5546 ⁸⁸⁸lleinuidis2.

164 5568 199 5675 {lg
214 5571 401 5714 ogiamque
415 5574 441 5633 3.
485 5574 521 5611 ³⁶⁶
536 5589 665 5647 quoniam
681 5576 706 5632 3.
769 5575 803 5611 ⁸⁵⁷
823 5573 978 5648 exprimere
999 5573 1026 5631 3.
1070 5573 1104 5609 ⁸³⁸
1119 5574 1223 5642 relique
1247 5570 1377 5638 usquead
1395 5569 1598 5636 firrerrvpcpinoe
1616 5566 1646 5618 in
1662 5562 1815 5620 laceraret
