3720 6014
94 191 146 250 ior
609 172 616 184 ⁴
696 187 868 246 sicassarr
893 185 1155 246 cruarncrusrs.
1704 183 1756 240 iss

91 323 234 382 ‘ludewici
251 323 448 379 Gennanorum
476 321 549 397 regis
563 320 660 378 tlliusa
676 322 815 378 daemonio
830 339 897 396 gra·
909 321 936 391 Α
949 320 1073 376 etnlniia
1088 334 1220 392 aquarum
1237 317 1381 373 inundatio
1406 315 1476 372 lacta
1505 321 1547 371 est
1566 314 1594 370 in
1607 313 1702 380 lunio,
1719 313 1758 369 ita

93 414 164 469 riter
175 414 203 468 in
218 412 364 483 praesentia
375 411 461 481 patris
487 418 515 466 et
529 411 692 482 optimatum
708 411 896 480 eiusveiatun
947 418 977 467 ut
993 413 1019 467 in
1036 412 1154 467 Saxonis
1168 410 1231 466 villa
1251 410 1375 482 quaedam
1402 409 1485 482 longe
1510 423 1526 463 a
1549 405 1717 462 torrentibus
1729 411 1758 460 et

92 510 120 559 el
131 503 161 562 111
172 505 231 574 ipsa
245 501 389 555 rerahone
405 498 561 565 condielur,
583 500 635 555 ltoc
661 499 714 554 sibi
730 499 793 555 ideo
809 498 897 555 conli-
948 502 1110 558 fluminibus
1123 509 1237 568 remota,
1250 501 1277 556 in
1292 509 1434 557 momento
1466 515 1528 555 eum
1547 497 1709 554 hominibus
1727 501 1758 550 et

90 593 174 665 gisse,
204 589 268 662 quia
295 598 391 644 contra
418 597 522 658 patrem
551 603 630 642 suurn
664 586 896 658 conspirationem
948 591 1122 659 hemissum
1138 590 1283 646 arboribus
1297 599 1325 644 et
1350 586 1485 653 adificiis,
1506 602 1568 642 cum
1590 584 1757 640 aecclesiaet

947 684 1025 739 altari
1054 683 1164 755 penitus
1195 682 1305 736 absorta
1327 681 1362 736 sit
1389 685 1416 735 et
1440 678 1546 733 nullum
1575 674 1757 732 habitationis

91 682 183 739 lacere
198 680 375 736 moliebatur.

126 775 189 830 art.
283 772 314 827 tt.
341 771 384 827 19.
470 772 497 826 F.
518 771 561 829 30.
670 771 697 826 C.
718 773 744 826 5.
946 775 1109 830 remanserit
1130 773 1376 845 vestigiumhlctt.
1401 768 1467 844 [llll
1487 768 1650 826 ludowicus
1670 767 1758 837 impe·

127 865 187 934 (10.1
214 865 244 919 10
260 864 337 919 ltalia
357 864 442 918 Brixse
476 864 562 918 tribus
585 862 685 917 diebus
712 879 744 918 ac
769 863 897 918 noctibus
946 865 1060 921 raterin
1076 864 1153 919 ltalia
1168 863 1293 929 moritur,
1308 869 1336 916 et
1356 868 1471 932 patruus
1493 875 1560 914 suus
1575 857 1692 913 llarolus
1707 872 1756 911 rex

90 955 205 1031 sanguis
220 954 329 1009 (100010
345 953 447 1022 pluisse
468 959 600 1007 narratur.
618 951 799 1006 h'ertlrmamii
814 951 895 1005 etiam
946 961 1112 1016 Francorum
1130 961 1241 1015 Romam
1257 957 1357 1032 pergit,
1368 966 1396 1012 01
1419 956 1545 1012 johanne
1563 970 1634 1025 papa
1650 960 1676 1007 et
1697 952 1755 1006 [to.

90 1062 206 1121 arogno
222 1044 360 1101 badonici
375 1044 572 1098 Germanorum
587 1043 659 1116 regis
682 1042 815 1097 tributum
839 1040 897 1096 eiii-
946 1049 1092 1120 manisper
1106 1063 1221 1102 munera
1252 1046 1305 1101 sibi
1332 1045 1496 1117 conciliatis,
1511 1045 1753 1115 irnperatorcrea-

89 1145 196 1212 gentes,
214 1135 378 1190 abexercitu
406 1134 479 1188 illius
507 1133 627 1208 graviter
653 1134 708 1188 cesi
735 1135 894 1189 vincuntur.
946 1145 1000 1205 tur,
1016 1145 1043 1193 et
1060 1138 1175 1207 imperat
1200 1136 1280 1190 annis
1307 1134 1406 1190 tribus.
1435 1134 1489 1188 Sed
1506 1134 1530 1188 ei
1558 1130 1754 1188 010100010-

90 1230 172 1297 (Mett.
194 1223 258 1298 11111
284 1225 405 1279 Locuslffl
431 1224 545 1278 Gelliam
577 1223 782 1294 depopulantur
813 1223 897 1279 innu-
945 1231 1051 1286 dewiee
1066 1230 1147 1285 fratre
1160 1244 1211 1284 suo
1227 1228 1328 1284 bellum
1346 1233 1468 1299 paratur,
1495 1225 1569 1297 quod
1597 1240 1628 1279 se
1655 1223 1755 1278 incon-

88 1314 367 1382 merabiles,caeteris
394 1314 508 1370 locustis
536 1313 665 1382 majores,
691 1329 757 1368 seua
791 1313 895 1369 alarum
946 1319 1105 1374 sultesolus
1139 1318 1285 1388 imperium
1310 1316 1448 1372 fratruelis
1477 1313 1661 1385 usurpaverit.
1691 1312 1754 1383 (th.)

90 1406 217 1481 remigia,
246 1404 408 1477 serpedes,
437 1405 507 1459 duos
540 1404 637 1458 dentes
658 1403 750 1473 lapide
770 1403 897 1458 duriores
947 1409 1071 1464 Britones
1084 1423 1209 1482 regesne
1224 1407 1370 1462 Salomone
1386 1402 1755 1474 mortue,procontentiene

89 1499 233 1565 habentes
248 1502 278 1552 01
306 1504 459 1553 castrorum
494 1495 568 1550 acies
595 1494 732 1549 turmatim
758 1493 894 1562 1010111θὸ,
945 1500 1079 1574 regnandi
1094 1498 1227 1555 intestino
1241 1499 1313 1554 inter
1330 1493 1755 1564 sebellocolliduutur;sicque

88 1590 173 1645 duces
187 1604 248 1643 cum
263 1587 359 1658 paucis
373 1586 471 1642 itinere
482 1585 564 1641 unius
579 1584 639 1639 diei‘
654 1585 847 1655 premittentes
859 1585 893 1639 ad
946 1592 1024 1648 ini-iti
1040 1600 1149 1648 cessant
1166 1608 1181 1646 a
1196 1592 1289 1647 Gattiae
1318 1589 1493 1647 exterminio.
1520 1589 1619 1658 (hald.)
1640 1587 1756 1643 llarolus

88 1681 218 1736 metanda
245 1680 306 1736 loca
330 1685 453 1734 renturae
483 1676 666 1743 multitudini,
695 1677 769 1731 circa
798 1677 894 1732 horam
946 1685 1095 1756 imperator
1106 1692 1167 1756 post
1181 1685 1311 1755 adeptum
1339 1682 1486 1754 imperium
1502 1680 1574 1737 ultra
1598 1696 1629 1735 se
1653 1680 1754 1746 elatus,

88 1787 189 1828 nonam
203 1771 238 1826 ad
254 1772 345 1827 locum
370 1771 509 1842 previsum
536 1769 691 1836 venientes,
718 1769 813 1840 ibique
829 1768 896 1824 solis
945 1776 1161 1832 eonsuetudines
1186 1776 1351 1830 Francorum
1370 1773 1555 1845 vilipendens,
1574 1771 1675 1825 Grecas
1696 1769 1756 1842 glo·

88 1870 178 1919 01111111
194 1869 381 1934 exlt'clsssslffli
402 1877 452 1932 per
471 1860 594 1931 spacium
617 1861 700 1916 unius
723 1860 779 1915 (11θί
803 1875 894 1915 aetem
947 1868 1001 1923 rias
1011 1875 1038 1923 et
1050 1868 1175 1923 'insolitos
1189 1867 1300 1922 habitus
1313 1864 1467 1931 affectabat,
1481 1873 1509 1919 et
1519 1863 1596 1918 talari
1607 1861 1755 1917 dalmatica

87 1956 228 2020 velabant,
245 1956 336 2027 ipsum
348 1954 415 2010 solis
427 1953 605 2025 splendorem
621 1953 833 2018 obnubilantes;
848 1968 896 2008 ore
947 1957 1060 2012 indutus
1072 1966 1099 2011 et
1109 1957 1229 2027 desuper
1243 1955 1334 2011 balteo
1350 1954 1490 2009 accinctus
1504 1952 1645 2024 pendente
1665 1965 1755 2022 usque

88 2046 154 2113 late,
176 2056 292 2103 extenso
312 2046 454 2112 intestino,
477 2047 570 2102 omnia
589 2046 687 2100 viridia
708 2045 734 2099 iu
754 2045 849 2100 herbis
867 2053 894 2100 ct
945 2047 978 2101 ad
993 2047 1090 2116 pedes,
1104 2045 1195 2116 capite
1210 2060 1276 2100 vero
1291 2045 1414 2099 involuto
1437 2043 1573 2098 velamine
1596 2040 1700 2107 serico,
1727 2048 1755 2094 et

89 2144 235 2199 arboribus
261 2145 414 2210 vastabant,
439 2144 559 2215 spatium
584 2143 675 2197 diurni
699 2142 807 2198 itineris
826 2138 917 2214 qua-'
944 2137 1099 2192 diademate
1114 2136 1340 2208 superimposito,
1352 2134 1530 2207 procedebat.
1547 2133 1578 2189 Et
1590 2148 1651 2188 cum
1679 2140 1756 2188 esset

88 2240 150 2289 tuor
160 2242 206 2289 aut
220 2233 343 2305 quinque
359 2232 472 2286 milibus
498 2231 689 2286 extendentes.
708 2231 763 2286 lloc
777 2230 895 2284 misera·
944 2231 1039 2303 lepore
1050 2231 1183 2296 timidior,
1199 2239 1227 2286 et
1242 2231 1337 2287 hostes
1352 2229 1447 2304 lugere
1463 2245 1545 2301 quam
1561 2228 1656 2301 lagare
1672 2242 1755 2298 para-

86 2327 135 2383 bili
149 2327 306 2398 spcctacule
319 2344 408 2399 usque
436 2327 469 2380 ad
485 2342 559 2380 mare
581 2325 778 2380 brittannicum
796 2340 895 2396 porre—
945 2320 1008 2388 tior,
1024 2320 1135 2376 tratrem
1155 2336 1236 2375 suum
1260 2319 1436 2375 ludowicum
1452 2316 1616 2376 lacessebat,
1635 2317 1757 2370 minatus

87 2417 327 2486 nierites,taudem
344 2418 566 2474 ssaturentorum
584 2416 795 2489 inprelundum
812 2417 896 2471 maris
945 2421 1036 2469 tantas
1055 2413 1421 2485 eopiassecenducturum,
1450 2421 1479 2467 ut
1491 2410 1527 2466 ab
1546 2409 1626 2482 equis
1640 2407 1756 2463 flumine

88 2509 236 2564 demerssae
251 2517 315 2563 sunt
330 2527 338 2572 ;
355 2507 403 2563 sed
427 2517 486 2563 estu
503 2508 616 2565 occeani
635 2509 669 2563 ad
694 2509 759 2563 litus
775 2507 893 2576 rejectae,
947 2508 1092 2574 exhausto,
1104 2508 1163 2579 ipse
1179 2505 1456 2577 peraridumalveum
1471 2501 1622 2560 Germaniae
1639 2514 1754 2576 regnum

89 2615 123 2655 ex
139 2600 286 2671 putredine
299 2616 350 2655 sua
364 2615 428 2655 aere
444 2608 586 2671 corrupto,
598 2601 699 2655 multos
717 2600 807 2671 perire
824 2599 898 2654 lece·
948 2597 1071 2653 intraret.

88 2695 161 2744 runt.
192 2689 289 2756 (hald.)
324 2689 423 2744 Secuta
452 2688 539 2743 lanies
574 2688 663 2743 valida
690 2688 794 2744 multos
830 2704 899 2744 con·
1002 2688 1066 2745 817.
1194 2689 1219 2744 l.
1357 2688 1401 2743 33.
1530 2687 1557 2755 8,

88 2779 207 2850 sumpsit
217 2780 321 2847 inedia,
337 2787 367 2835 ut
385 2795 465 2851 paene
485 2781 565 2835 tertia
591 2795 655 2851 pars
677 2781 819 2836 hominum
834 2796 899 2837 con·
985 2782 1109 2837 lleiricus
1122 2782 1275 2838 menachus
1290 2781 1372 2838 vitam
1384 2779 1472 2836 sancti
1489 2779 1617 2834 Germani
1633 2777 1756 2834 antisio-

89 2882 199 2944 sumpta
210 2873 246 2929 sit
947 2874 1083 2940 dorensis,
1100 2874 1211 2931 heroico
1238 2882 1327 2930 metro
1355 2873 1382 2928 io
1406 2888 1454 2927 sex
1475 2871 1579 2927 libellis
1602 2869 1759 2927 luculenter

124 2965 186 3022 875.
321 2967 366 3021 20.
504 2966 550 3024 31.
691 2969 717 3022 6.
908 2970 1093 3052 cesennam,
1122 2962 1219 3019 llarolo
1247 2961 1406 3034 imperatori
1429 2960 1537 3016 obtulit.
1569 2961 1658 3033 (uest.
1692 2956 1757 3032 [11])

127 3055 299 3125 1101111000
326 3055 409 3112 solito
431 3056 554 3135 asperior
578 3063 607 3112 et
634 3057 788 3128 prolixier;
807 3056 897 3112 nixet
950 3055 1114 3112 ludowicus
1136 3071 1183 3111 rex
1214 3055 1409 3111 Germanorum
1443 3055 1569 3121 moritur,
1595 3053 1758 3124 relinquens

90 3146 154 3222 gelu
175 3147 337 3203 allalendis
351 3148 514 3204 llorenibris
529 3165 619 3220 usque
633 3149 668 3204 ad
687 3150 799 3206 vernale
811 3150 899 3222 sequi·
951 3153 1006 3202 tres
1027 3146 1099 3204 filios
1119 3163 1186 3204 sues
1213 3146 1340 3216 heredes,
1370 3145 1545 3201 ludewicum
1570 3145 1709 3216 juniorem
1729 3150 1757 3199 et

90 3237 298 3309 noctiumllb.)
330 3237 477 3293 ludowico
504 3238 563 3312 regi
591 3237 789 3293 Gennanerurn
813 3255 898 3311 appa-

89 3325 144 3380 ruit
160 3325 187 3379 iri
202 3325 307 3381 somnis
321 3327 432 3398 genitor
458 3342 524 3382 suus
552 3325 715 3383 ludowicus
728 3328 792 3383 olim
809 3328 898 3399 impe-

89 3422 173 3480 rator,
188 3415 318 3485 adjurans
332 3431 395 3471 eum
419 3432 470 3487 per
491 3431 592 3471 nomen
616 3425 719 3472 saneta}
747 3416 896 3484 Trinitatis,

88 3515 118 3564 ut
133 3525 195 3564 eum
210 3508 352 3581 eripereta
362 3510 518 3578 tormentis,
543 3510 571 3565 in
591 3510 693 3582 quibus
707 3509 894 3578 detinebatur,

87 3603 237 3659 uttandem
257 3611 387 3659 aeternam
419 3605 543 3677 requiem
562 3614 715 3661 moreretur
729 3605 842 3661 babere.
857 3605 896 3661 Ob

88 3692 143 3748 hoc
170 3694 203 3748 ad
229 3692 337 3748 diversa
357 3695 523 3749 monasteria
554 3694 715 3750 elemosinis
740 3695 895 3761 destinatis,

89 3781 191 3836 obnixe
207 3780 280 3836 filius
292 3781 471 3838 succurrebat
485 3783 565 3852 patri.
582 3781 659 3838 Unde
679 3783 796 3837 dabatur
815 3784 898 3838 intel·

90 3871 150 3945 ligi,
171 3873 236 3943 quia
250 3873 314 3928 licet
334 3873 407 3926 idern
426 3873 577 3943 imperator
595 3874 680 3928 multa
693 3875 749 3930 1100
764 3882 792 3928 01
807 3875 898 3930 homi-

950 3236 1089 3305 liarolum,
1100 3237 1146 3309 qui
1163 3252 1218 3292 non
1246 3235 1334 3292 multo
1363 3244 1425 3306 pest
1447 3224 1603 3305 imperavit,
1620 3241 1648 3288 et
1663 3232 1759 3287 llarle-

949 3344 1080 3384 mannum
1101 3336 1206 3399 patrem
1224 3326 1327 3383 tinuit
1341 3326 1525 3398 imperatoris.
1541 3324 1654 3380 llarolus
1666 3323 1758 3395 impe·

948 3424 1023 3473 rator
1036 3418 1071 3472 de
1085 3424 1174 3473 morte
1190 3417 1281 3472 iratris
1293 3416 1336 3471 sui
1352 3416 1471 3484 gavisus,
1488 3413 1660 3484 injustitiam,
1675 3427 1757 3484 quam

948 3518 1044 3566 contra
1058 3509 1170 3566 fratrem
1190 3514 1369 3581 conceperat,
1394 3513 1491 3563 contra
1506 3504 1674 3561 filioslratris
1692 3519 1758 3576 per·

946 3597 1030 3654 ficere
1058 3605 1178 3670 paratus,
1206 3614 1268 3653 curn
1293 3596 1496 3670 quinquaginta
1522 3603 1549 3649 et
1575 3610 1608 3650 ee
1636 3593 1757 3664 amplius

947 3690 1090 3745 bominum
1106 3690 1219 3745 milibus
1238 3705 1353 3763 regnum
1380 3703 1476 3743 eorum
1497 3700 1656 3768 aggressus,
1673 3682 1755 3740 Colo·

949 3782 1023 3836 niam
1037 3797 1123 3853 usque
1151 3781 1237 3846 venit,
1267 3780 1332 3835 siliis
1353 3779 1492 3835 ludewici
1509 3778 1578 3833 alias
1600 3776 1753 3848 occupatis.

950 3873 1112 3929 ludowicus
1122 3873 1217 3942 Junior
1230 3872 1367 3944 legatione
1382 3872 1415 3926 ad
1436 3880 1561 3944 patruum
1575 3870 1659 3925 missa
1674 3885 1757 3944 rega·

91 3963 175 4018 nibus
197 3963 296 4033 placita
316 3961 436 4028 lecisset,
462 3962 540 4033 plura
564 3971 658 4019 tamen
684 3965 738 4021 1100
761 3966 898 4021 contraria
949 3959 996 4016 bat
1009 3977 1051 4027 ea,
1069 3978 1129 4033 quar
1143 3961 1219 4032 pacis
1248 3967 1321 4016 suut.
1347 3959 1424 4026 Quod
1453 3976 1516 4016 eum
1532 3958 1682 4029 impetrare
1698 3972 1756 4012 non

92 4051 118 4105 iu
135 4066 220 4127 regno
248 4065 298 4105 suo
322 4050 380 4105 lieri
402 4052 551 4106 consensit.
585 4052 614 4106 ln
641 4053 744 4124 quibus
772 4055 897 4127 graviora
948 4059 1050 4122 posset,
1076 4053 1194 4108 viriliter
1209 4069 1271 4108 euin
1297 4052 1371 4109 bello
1387 4052 1505 4124 excepit,
1517 4067 1637 4122 cumque
1651 4051 1756 4105 rictum

89 4140 267 4207 ridebantur,
282 4139 356 4210 quod
370 4140 461 4195 heresi
480 4140 695 4196 Nicliolaitarum
711 4156 766 4196 non
785 4143 895 4208 restitit,
947 4158 1010 4198 cum
1034 4143 1120 4197 nimio
1149 4143 1287 4198 exercitus
1313 4142 1414 4197 damno
1442 4147 1469 4197 et
1501 4141 1587 4195 multe
1617 4139 1757 4194 dedecere

90 4227 382 4283 etmeiritaGabrielis
410 4229 581 4302 archangeli,
598 4230 744 4287 duodecim
769 4232 897 4304 capitulis
947 4234 1043 4310 lugere
1069 4235 1212 4306 compulit.
1241 4236 1343 4305 (l'uld.)
1369 4235 1519 4308 ingruente
1548 4233 1576 4286 iu
1610 4231 1757 4287 Germania

89 4322 301 4393 comprehensa.
319 4339 381 4394 quae
393 4322 523 4378 Emarcus
534 4323 568 4358 ¹⁶¹
581 4324 606 4379 ei
621 4324 739 4399 legenda
753 4334 780 4382 et
800 4327 896 4381 obser·
948 4341 1079 4397 pecorum
1103 4327 1271 4398 pestilentia,
1295 4327 1360 4382 dum
1388 4342 1472 4381 canes
1501 4325 1624 4397 undique
1648 4323 1758 4380 collecti

89 4409 179 4465 venda
192 4410 302 4482 optulit,
314 4427 425 4466 servare
439 4426 494 4466 non
504 4411 619 4467 studuit.
637 4416 722 4481 (hlett.
740 4412 806 4487 [1111
822 4414 897 4470 Nort-
948 4417 1130 4473 cadaveribus
1149 4417 1353 4484 incumberent,
1373 4416 1411 4471 ita
1437 4415 1647 4487 disparuemnt,
1660 4419 1691 4468 iit
1706 4428 1759 4468 nec

90 4503 183 4558 manni
210 4503 307 4558 urbam
332 4503 497 4579 audegane,
527 4505 606 4577 quasi
638 4506 666 4560 in
689 4506 897 4573 eatrsbtiaturt,

90 4610 153 4651 curn
170 4595 228 4650 suls
242 4597 370 4652 omnibus
384 4604 531 4669 occupant.
558 4597 597 4652 td
626 4616 708 4671 quarn
729 4615 895 4676 oppugnan-

92 4687 155 4742 dam
170 4687 280 4743 Carolus
295 4705 353 4752 rex,
373 4690 462 4745 ascito
478 4690 625 4747 Salomone
649 4691 791 4748 llritonum
821 4709 897 4769 rege,

91 4782 186 4838 multis
196 4783 296 4838 diebus
309 4800 369 4839 eam
382 4786 502 4842 obsedit.
512 4788 566 4845 Sed
580 4804 642 4844 cum
672 4788 852 4843 Northmanni
864 4788 897 4843 ad

91 4870 314 4941 desperationem
336 4873 446 4929 adducti
473 4875 601 4940 luissent,
631 4893 677 4932 rex
706 4877 791 4932 invite
819 4893 899 4932 exer-

91 4959 158 5027 citu,
173 4960 290 5030 pecunia
302 4960 389 5015 abeis
404 4971 529 5032 accepta,
548 4980 689 5037 egressum
721 4965 763 5020 eis
789 4965 897 5033 annuit,

948 4507 1002 4562 viti
1013 4523 1065 4562 nec
1079 4508 1180 4564 mortui
1198 4508 1398 4578 reperirentur.

1001 4601 1017 4615 '
1039 4640 1045 4653 .
1205 4643 1209 4654 .
1389 4645 1393 4653 .
1530 4599 1547 4651 9

983 4600 1069 4760 ilitio.
1099 4687 1163 4762 llll)
1182 4601 1309 4744 2llarelus
1335 4600 1485 4759 iiiiirerator
1503 4688 1617 4742 Romam
1632 4684 1757 4743 secundo

948 4782 1099 4853 protectus,
1126 4782 1237 4848 1100001,
1267 4796 1401 4856 germano
1428 4779 1527 4835 'uxoris
1553 4795 1622 4846 sum,
1643 4787 1757 4849 neptem

949 4888 1037 4936 suain,
1052 4871 1137 4925 liliam
1163 4872 1302 4927 ludowici
1327 4869 1513 4941 imperatoris,
1539 4883 1652 4924 uxorem
1668 4866 1757 4934 dedit,

949 4967 1091 5022 etdataei
1120 4965 1274 5034 Provincia,
1301 4967 1328 5020 in
1357 4982 1449 5040 regem
1470 4980 1533 5020 enni
1562 4963 1715 5028 coronarit,
1727 4971 1758 5017 ut

90 5050 188 5122 eisque
201 5051 343 5121 liocpaeto
359 5050 454 5120 peiora
466 5052 850 5125 1001000000000011111111)
949 5059 1031 5114 etiam
1042 5059 1155 5133 regibus
1171 5059 1307 5130 imperare
1322 5059 1472 5113 rideretur.
1491 5057 1540 5122 Qni
1564 5055 1681 5111 audiens
1699 5052 1757 5109 lra-

127 5143 190 5200 ato.
335 5144 380 5200 21.
525 5145 569 5203 32.
714 5150 739 5202 7.
949 5149 1051 5203 trueles
1075 5163 1141 5202 suos
1165 5147 1379 5202 llarlemaunum
1402 5154 1428 5201 et
1455 5146 1583 5201 llarelum
1613 5150 1709 5199 contra
1728 5158 1759 5198 se

128 5231 453 5302 (Fitldldomotesselito
470 5232 626 5289 rutilantior
649 5238 783 5307 apparuit.
803 5238 898 5295 Subita
949 5240 1100 5296 exercitum
1117 5241 1267 5308 adducere,
1288 5257 1390 5312 parere
1412 5240 1519 5294 solutus
1539 5238 1657 5292 reditum
1670 5239 1757 5308 par'at,

769 5372 879 5426 vatttAE
891 5371 1077 5428 LEClth'ES.

128 5461 162 5496 ¹⁶²
177 5467 216 5520 ito
232 5467 291 5532 Sip.
308 5469 535 5537 corrupttnoinrn
546 5469 675 5523 Edisti-dt.
691 5472 764 5540 qued
779 5475 808 5527 iri
822 5473 895 5528 Attii.
909 5474 986 5528 rotet.
1001 5475 1114 5541 tepeant

869 5580 973 5636 nors.

130 5640 201 5713 (isi)
215 5645 245 5699 a.
261 5642 322 5701 aaa.
339 5645 407 5718 aeg.
