3720 6014
137 248 188 304 'tot

747 238 924 297 statuenti
941 237 1198 298 ascalonense.

1759 244 1808 302 ios

136 380 236 434 stolica
262 376 434 430 exorationis
462 374 531 443 stylo
551 377 696 443 conpurtcto
726 372 880 442 dispenpere
906 371 947 425 vel
960 373 1122 445 Apiumque
1135 377 1260 430 bonorum
1285 375 1472 446 temporalium
1488 375 1644 446 adepturos,
1665 378 1693 432 si
1724 380 1811 430 tamen

136 466 245 537 aliquid
259 465 356 520 caindo
371 465 499 518 ulienore.
516 466 550 518 Et
565 462 839 517 illudmonosterium
854 461 948 516 Sancti

139 557 275 611 Vincentii
288 556 432 623 respiciens
447 553 531 606 situel
545 550 632 606 sedem
647 550 822 620 episcopalem
834 548 945 618 protbo·

135 649 265 716 martyris
286 647 387 701 Christi
401 645 532 714 Stephani
552 643 789 713 laborabantque
813 641 897 696 abbas
918 642 948 694 in

134 744 266 811 potestate
278 741 396 808 episcopi
409 737 443 771 ⁹³⁸
457 738 545 806 ipsius
558 736 610 791 loci
627 734 763 802 clipindus
776 737 821 789 sit.
843 734 873 788 Si
885 747 948 787 ocro

137 833 276 901 episcopus
291 831 418 896 desuerit,
433 829 512 883 liceat
527 827 621 882 abbati
638 828 669 880 in
683 827 788 892 festinis
807 824 901 879 dicbus
912 823 949 878 od

138 922 225 977 scdnn
232 923 407 991 episcopalem
421 920 552 981 accedere,
574 920 662 988 ibique
676 934 735 973 cum
755 917 904 972 dalmatico
923 918 949 969 et

137 1017 283 1081 sandaliis,
304 1030 370 1085 qctos
397 1015 439 1069 illi
464 1015 607 1080 mittimus,
632 1016 730 1068 missas
757 1012 898 1067 celebrare.
917 1010 948 1065 Si

139 1111 203 1178 quis
221 1110 333 1172 intereo,
356 1107 428 1177 quod
454 1122 507 1161 non
536 1107 681 1173 credimus,
707 1107 847 1160 temerario
880 1117 949 1156 ausu

139 1208 235 1259 contra
247 1219 288 1268 eo,
304 1218 364 1272 qua
378 1202 411 1256 ab
422 1203 472 1256 bac
482 1205 578 1256 nostra
597 1203 759 1255 auctoritate
771 1201 817 1269 pic
830 1197 949 1266 ettirmi·

140 1301 180 1350 ter
208 1311 259 1365 per
278 1295 325 1349 boo
359 1298 479 1349 nostrum
501 1293 678 1363 pricilepium
716 1292 849 1360 dispositu
876 1293 948 1353 sunt,

996 469 1026 521 in
1040 469 1090 522 bac
1107 467 1223 534 benipna
1236 470 1405 537 perstiterint
1428 468 1575 534 uoluntate,
1595 471 1732 538 pacisque
1748 469 1810 523 bono

998 557 1184 626 replebuntur,
1200 572 1283 625 qurum
1298 557 1398 624 oriqcli,
1429 561 1522 612 natum
1537 559 1682 613 Dominum
1701 573 1810 625 prcqum

998 646 1153 715 pastoribus
1167 648 1331 712 nuntiantes,
1348 647 1411 700 solis
1432 647 1504 701 bonu
1523 647 1673 702 uoluntatis
1689 648 1809 701 bomini·

1001 737 1242 804 busossiqnornnt.
1255 736 1301 790 ltli
1315 736 1413 799 oulem,
1430 738 1477 805 qui
1495 736 1612 790 decimos
1638 736 1750 802 debitas,
1762 738 1810 790 lico

997 828 1131 881 resolvere
1144 826 1325 891 retardantes,
1352 826 1473 894 motique
1488 827 1681 880 obstinationis
1692 828 1763 895 perse
1775 827 1810 880 lic

997 919 1161 986 defraudare
1188 919 1348 984 moliuntur,
1374 921 1565 987 pertimescant
1588 918 1727 989 ‚iudicium
1751 920 1811 972 bor·

997 1024 1089 1063 renea
1107 1008 1309 1079 dampnationis
1336 1011 1409 1079 quod
1422 1011 1493 1065 idem
1506 1011 1641 1080 apostolus
1654 1011 1811 1065 terribiliter

999 1099 1040 1152 leis
1067 1115 1210 1168 canemque
1236 1100 1396 1168 sequacibus
1416 1102 1606 1167 comminatur,
1637 1116 1725 1170 neque
1740 1103 1811 1170 tures

998 1206 1083 1260 neque
1092 1206 1203 1261 ropoccs
1217 1207 1328 1259 requam
1346 1194 1394 1246 bei
1407 1207 1572 1262 possessuros
1582 1193 1742 1263 aspernans.

1039 1286 1080 1341 lii.
1101 1289 1139 1341 De
1151 1289 1228 1341 nortis
1254 1291 1278 1341 et
1292 1287 1402 1342 decimis
1418 1289 1541 1343 eccclesia
1561 1290 1652 1342 sorocti
1679 1289 1812 1355 Yirscontii

140 1388 276 1440 coruroire
291 1387 443 1445 teritoocrit,
464 1383 506 1437 cel
520 1384 585 1447 buo,
606 1398 666 1452 que
690 1382 847 1451 apradioto
864 1379 946 1434 Titeo-
998 1381 1118 1437 leuitaet
1130 1383 1271 1449 marlpris.
1290 1383 1416 1453 iuspecto
1434 1381 1485 1436 hac
1500 1397 1591 1436 rorum
1608 1388 1809 1454 consequentia

141 1480 230 1532 dorico
252 1477 348 1531 dilecto
372 1476 429 1544 filio
443 1478 543 1538 nostro,
574 1476 742 1529 italiensium
766 1473 889 1542 praemla,
912 1471 949 1526 od
998 1483 1025 1531 ct
1044 1475 1206 1544 scriptorum
1222 1474 1426 1537 convenientia,
1452 1474 1589 1529 intueatur
1610 1474 1729 1546 quilibet
1745 1474 1808 1528 ‹lili-

142 1574 248 1628 loudcm
264 1575 312 1627 Dei
322 1587 373 1642 pro
383 1572 532 1626 stabilitate
543 1570 602 1639 jum
627 1571 695 1624 dicti
706 1572 863 1625 monasterii
876 1570 949 1624 vide·
999 1568 1145 1639 gentiuset
1160 1566 1292 1634 attendet,
1309 1566 1429 1638 qualiter
1443 1566 1483 1621 uir
1497 1567 1548 1622 isto
1560 1567 1587 1621 in
1599 1571 1631 1623 se
1643 1574 1722 1622 totus
1737 1574 1807 1621 teres

142 1666 203 1718 licet
213 1664 307 1719 Sancti
325 1663 459 1719 Vincentio·
474 1665 579 1714 statuto
592 1664 665 1726 sunt,
682 1662 830 1727 refrepare,
844 1662 950 1726 auterre
1001 1664 1085 1727 atque
1099 1656 1231 1711 rotundus
1244 1656 1440 1724 illonttscrm,
1456 1673 1503 1721 ιιι,
1518 1657 1574 1726 86).
1587 1672 1809 1728 quaquaversum

142 1753 183 1806 orl
202 1752 321 1805 alienare
331 1753 547 1819 presumpserit,
568 1751 637 1802 soiut
651 1764 677 1802 sc
705 1751 865 1803 arroteritate
879 1748 951 1802 beati
963 1704 987 1770 B
1001 1745 1154 1801 sedulitatis
1171 1761 1226 1799 suro
1258 1745 1399 1816 reliquerit
1425 1746 1596 1802 monimenta
1613 1746 1756 1802 laudanda
1783 1748 1808 1801 iu

143 1846 217 1898 Petri
230 1842 408 1912 apostolorum
422 1842 555 1910 principis
574 1841 755 1894 artatbemotis
774 1841 879 1894 ciriculo
906 1842 951 1894 in·
1001 1838 1141 1905 omnious,
1157 1845 1184 1892 et
1196 1853 1228 1891 ex
1243 1837 1328 1892 veteri
1343 1844 1370 1891 et
1383 1853 1414 1891 cx
1428 1837 1535 1893 nouella
1552 1838 1612 1911 tege
1627 1839 1683 1893 lieo
1704 1838 1809 1910 licique

144 1935 276 1989 nodedum
293 1937 375 2001 atque
403 1931 558 1996 cumluda,
583 1933 714 1984 trulitore
738 1932 844 1985 Domini
865 1931 953 1984 nostri
1003 1928 1135 1983 ministris
1157 1927 1251 1982 deberi
1280 1926 1402 1982 decimas
1429 1943 1532 1994 rerum,
1563 1945 1667 2000 casque
1690 1929 1814 2001 synodali

143 2024 205 2077 lesu
234 2025 345 2087 Christi,
372 2025 466 2077 actuari
489 2021 609 2076 inocrtdii
633 2021 765 2090 supplicio
781 2037 953 2077 concreman-
1002 2018 1144 2072 sanctione
1170 2016 1324 2087 nuncupari
1345 2017 1389 2070 [lei
1419 2032 1543 2086 censum,
1569 2033 1622 2074 nec
1640 2018 1816 2090 simplicibus

144 2112 218 2166 dum.
235 2112 445 2178 Siodqrutotus,
475 2124 521 2163 ricc
544 2125 696 2178 unquama
718 2097 955 2178 prascitionotlre-
1006 2108 1047 2164 vel
1073 2107 1167 2163 idiotis
1179 2115 1254 2163 extat
1267 2107 1450 2182 incognitum.
1469 2108 1517 2163 llio
1530 2125 1607 2185 ergo,
1637 2110 1685 2165 cui
1706 2118 1767 2166 erat
1790 2111 1815 2164 iu

143 2203 354 2258 malisneaibus
369 2204 404 2257 sit
418 2201 566 2255 absolutus.
588 2203 625 2255 nt
647 2203 762 2270 ueroqui
788 2204 834 2271 pio
853 2203 956 2256 intuitu
1004 2198 1085 2264 votis,
1105 2206 1135 2253 ut
1157 2196 1237 2253 funes
1256 2198 1471 2254 interminabilis
1496 2199 1661 2256 hereditatis
1687 2201 1817 2257 caderent

145 2294 300 2348 obseruator
312 2296 340 2347 iu
360 2292 486 2347 orrirtibus
499 2294 647 2356 restiterit,
660 2295 780 2359 qratiam
793 2293 955 2348 bertedictio-
1005 2287 1057 2342 sibi
1071 2286 1099 2340 iu
1119 2285 1272 2357 qiraeclaris,
1290 2286 1319 2340 iu
1334 2285 1412 2342 ιιιιΙΙο
1431 2288 1542 2343 uolebat
1557 2286 1716 2344 defraudari
1733 2297 1820 2360 pianes

143 2385 188 2437 nis
207 2399 225 2436 a
237 2382 489 2436 misericordissimo
511 2381 617 2435 domino
640 2383 692 2434 Deo
715 2385 804 2435 nostro
823 2382 954 2451 multipli·
1005 2377 1153 2434 (lominica
1169 2377 1340 2432 hereditatis
1356 2378 1488 2443 Quocirca
1498 2380 1619 2434 decimas
1627 2379 1816 2437 ecclesiarum

144 2480 409 2545 citerconsequct'ur,
427 2480 451 2529 ct
465 2477 528 2529 nita
538 2479 643 2529 oeterrroe
652 2479 790 2545 particeps
803 2477 952 2546 efficiatur,
1006 2470 1261 2536 suasionemque
1280 2471 1534 2541 predecessoribus
1548 2474 1607 2529 suis
1623 2474 1761 2545 stipendii
1778 2475 1817 2531 sel

144 2574 168 2622 et
180 2570 234 2623 liae
248 2573 341 2622 rutena
358 2567 429 2621 beati
443 2570 516 2621 Petri
530 2570 639 2636 cupierint
651 2571 675 2621 ei
683 2569 799 2637 januam
813 2570 952 2639 paradisi.
1006 2565 1135 2622 beneficii
1148 2564 1209 2621 loco
1220 2566 1365 2636 deputatas
1379 2568 1506 2637 personis
1524 2558 1678 2634 laicalibus
1694 2571 1819 2642 synodali

145 2659 176 2715 Si
188 2659 360 2728 oorooliquis
379 2661 515 2728 episcopus
528 2659 592 2712 inde
607 2660 715 2728 aliquid
726 2663 843 2715 urinuerc
860 2662 953 2716 oolue-
1006 2658 1171 2712 auctoritate
1207 2663 1233 2711 et
1257 2657 1408 2728 episcopali
1443 2675 1561 2714 censura
1589 2661 1728 2716 subtraxit
1756 2662 1821 2730 illis,

145 2754 193 2815 rit,
220 2752 285 2816 lcaec,
311 2755 343 2804 ut
367 2750 500 2814 dicimus,
525 2756 619 2805 ciltena
645 2752 757 2806 elcruclnt
780 2755 806 2806 ci
830 2755 956 2823 polorum
1006 2747 1132 2819 quamuis
1148 2746 1279 2802 invitisct
1294 2748 1518 2814 reclamantibus,
1536 2751 1734 2805 etsecundum
1750 2750 1822 2823 quod

145 2859 238 2911 repna.
271 2846 406 2912 Scriptum
432 2858 483 2911 pcr
508 2859 616 2897 mutierem
645 2844 777 2913 &plicui
802 2850 907 2901 notctrii
933 2853 957 2904 et
1008 2840 1139 2911 scriptum
1156 2848 1207 2904 est,
1223 2858 1228 2893 :
1244 2841 1298 2907 Qui
1309 2843 1412 2897 altario
1424 2845 1556 2912 seruiunt,
1570 2844 1603 2898 cle
1615 2845 1718 2900 altario
1733 2849 1826 2901 cicant

145 2936 295 2999 reqionarii
308 2938 409 2988 sancta
427 2936 553 2988 Romana
577 2934 702 2988 Ecclesia
722 2937 749 2988 in
773 2952 862 2990 mense
888 2938 957 3006 Sep·
1009 2933 1196 2987 aeclesiarum
1212 2948 1256 2987 res
1272 2934 1457 2989 ecclesiarum
1486 2935 1624 3011 delegavit
1639 2935 1822 3006 officialibus,

147 3024 252 3087 lambri,
268 3028 293 3077 et
306 3023 690 3091 indictionoquortodccima,
709 3025 878 3081 bertecalete.
971 3042 1070 3133 Cquae
1090 3025 1137 3079 lici
1158 3025 1223 3090 Deo,
1241 3033 1267 3079 et
1283 3042 1344 3096 quae
1360 3028 1469 3082 caesaris
1494 3035 1573 3083 erant
1587 3029 1682 3084 caesari
1701 3030 1823 3085 reddere

184 3110 258 3180 (titt)
286 3112 355 3164 bato
391 3126 418 3163 ιιι
444 3112 488 3164 die
513 3111 626 3165 lioltmd.
653 3112 773 3167 Octobris
787 3130 835 3182 per
849 3131 959 3170 manum
1010 3121 1094 3170 catus
1113 3114 1276 3170 llinoltodie
1298 3117 1820 3194 sanctubeigauocntncclesinittae

152 3200 275 3257 Widonis
296 3202 412 3270 episcopi
430 3205 454 3254 ct
481 3200 678 3255 bibliothecarii
702 3202 737 3236 ⁹³⁶
763 3207 863 3258 sancta
887 3205 958 3260 sedis

148 3293 312 3362 apostolica,
336 3294 592 3361 artnopontificatus
615 3293 707 3347 domiti
729 3294 844 3348 lacrmis
860 3298 959 3351 summi

147 3387 282 3455 pontilicis
303 3388 327 3437 et
341 3385 505 3439 uniuersalis
521 3387 594 3439 luta
617 3385 724 3454 decimi,
737 3388 910 3455 praesidentis
923 3389 957 3424 ⁹³⁷

150 3479 179 3530 iu
202 3478 389 3531 sacratissimo
415 3476 475 3530 sede
501 3477 572 3531 beuti
591 3479 666 3532 Petri
698 3480 822 3548 apostoli,
852 3483 957 3550 quinto,

150 3568 259 3636 imperii
278 3567 368 3620 domni
390 3567 494 3621 Ottonis
517 3567 630 3636 majoris
657 3582 736 3635 norm,
760 3571 873 3626 minoris
898 3587 959 3626 uero

150 3664 238 3727 tertio,
265 3676 334 3716 uerno
351 3661 466 3729 doctique
491 3662 526 3715 ab
539 3663 725 3717 incarnatione
739 3667 848 3719 Donciui
873 3668 960 3721 nostri

149 3753 212 3804 lesu
224 3749 326 3804 Gltristi
340 3749 402 3803 uto,

185 3840 306 3910 Epistola
325 3840 449 3907 ejusdcm
485 3839 617 3895 antistitis
636 3842 779 3898 [teodorici
800 3845 834 3899 tle
861 3846 960 3902 dandis

151 3931 268 3990 decimis
288 3932 321 3986 ad
337 3931 488 3986 aecclesiam
502 3932 627 4001 ejusdcm
642 3937 730 3990 sancti
744 3939 880 4009 martyris.
895 3941 960 3995 Ser-

151 4039 247 4078 vorum
271 4024 372 4078 Gbristi
389 4024 508 4089 famulus
528 4025 687 4081 Deodericus
712 4032 851 4099 episcopus
870 4034 960 4101 officio

154 4129 184 4167 uc
200 4115 316 4177 nominc,
332 4114 455 4182 quamuis
470 4112 608 4179 indipnus,
633 4130 691 4170 oum
707 4120 835 4173 uniuersa
850 4122 960 4186 sarrrilio

155 4203 243 4256 sorceti
266 4201 409 4265 l'iucentii,
424 4198 587 4254 christicolis
605 4203 786 4260 aecclesiarum
805 4215 960 4264 nostrarum

154 4294 256 4363 paudio
272 4297 478 4363 eitceproesentis
490 4300 514 4349 et
527 4309 657 4350 ntartsuro
669 4295 782 4366 praemia
790 4304 960 4371 aeterriitotis,

1009 3207 1126 3262 maxime
1155 3207 1256 3278 quihus
1291 3208 1476 3265 instaurandis
1507 3212 1629 3266 animum
1659 3213 1821 3281 induxerat,

1008 3297 1114 3353 scilicet
1137 3298 1225 3352 sancti
1246 3298 1382 3354 vincentii
1401 3302 1528 3372 martyris
1551 3302 1695 3374 sanctique
1713 3303 1821 3360 Goerici

1009 3385 1185 3441 contessoris.
1200 3387 1231 3441 Et
1241 3386 1307 3458 quia
1321 3389 1372 3443 hoo
1387 3388 1582 3446 illividebatur
1597 3407 1750 3449 commuue
1761 3409 1823 3448 eum

1009 3477 1125 3546 caeteris,
1139 3476 1269 3547 cupiebat
1284 3479 1367 3533 ctiam
1381 3479 1485 3552 aliquid
1497 3497 1710 3557 supererogare,
1723 3490 1754 3540 ut
1763 3502 1824 3541 cum

1008 3585 1089 3625 uerus
1111 3569 1158 3625 ille
1173 3570 1362 3626 Samaritanus
1377 3573 1492 3639 ueniret,
1511 3591 1594 3645 super
1619 3576 1691 3632 duos
1704 3577 1825 3651 gemine

1009 3661 1302 3719 dilectionisdouarios
1314 3663 1568 3722 immarcessibilem
1581 3668 1677 3741 gloriae
1689 3685 1824 3726 coronam

1009 3750 1174 3821 perciperet.
1189 3752 1278 3807 Nonas
1293 3755 1415 3809 omnium
1438 3754 1573 3810 redituum
1595 3757 1746 3829 episcopii,
1763 3774 1824 3832 qun

1009 3839 1044 3895 ad
1069 3841 1265 3912 proprietatem
1287 3843 1417 3899 dominici
1430 3847 1502 3914 puris
1528 3848 1719 3918 pertinebant,
1749 3859 1777 3906 et
1794 3851 1821 3904 iu

1009 3932 1127 4006 siugulis
1145 3932 1267 3989 cortibus
1294 3951 1419 3990 mansum
1448 3954 1533 3992 uuum
1551 3938 1649 3994 usibus
1664 3940 1727 3996 suis
1754 3940 1823 3996 sub-

1009 4027 1100 4091 traxit
1116 4033 1197 4098 atque
1213 4028 1344 4082 aecctesiae
1368 4029 1404 4099 pii
1425 4032 1542 4100 patronii
1562 4034 1603 4088 sui
1617 4033 1760 4090 vincentii
1777 4052 1824 4089 su·

1010 4118 1183 4190 poraddidit3
1206 4128 1233 4174 ct
1251 4120 1355 4175 callens
1381 4137 1396 4176 a
1419 4125 1627 4181 successoribus
1655 4127 1824 4200 plerumque

1010 4212 1133 4267 alionum
1161 4211 1369 4268 fundamentum
1395 4222 1442 4269 aut
1466 4217 1561 4272 subrui
1583 4225 1629 4273 aut
1646 4219 1770 4295 neglegi,
1791 4235 1824 4274 ne

1011 4307 1073 4381 quis
1084 4323 1273 4364 successorum
1282 4325 1393 4364 suorum
1405 4312 1458 4366 hoc
1471 4312 1647 4369 liberalitatis
1658 4331 1717 4370 sure
1727 4316 1824 4370 decre-

153 4383 321 4453 Pauperibus
335 4399 366 4437 ac
384 4384 528 4438 ditioribus
538 4385 579 4439 cel
591 4385 778 4452 rnediocribus,
794 4394 843 4460 qui
861 4396 1070 4476 consti-Deum
1097 4399 1202 4454 irritum
1232 4399 1343 4467 iaceret,
1372 4401 1513 4457 interdixit
1533 4402 1676 4459 insolubili
1708 4408 1825 4461 anatlie-

154 4478 285 4529 tutusllco
299 4491 390 4530 rerum
405 4492 517 4531 suorum
531 4476 712 4532 decimessine
722 4480 817 4550 aliquo
831 4487 963 4539 retracta·
1014 4499 1096 4559 mate,
1108 4491 1200 4546 addita
1214 4491 1350 4560 imperiali
1366 4493 1509 4548 sanctione
1539 4501 1566 4549 et
1593 4495 1758 4566 apostoticae
1779 4501 1824 4551 iu-

153 4569 226 4622 tione
235 4567 346 4622 reddere
357 4568 502 4623 secundum
514 4584 594 4623 suum
602 4569 732 4639 oujrtsquc
740 4587 815 4640 posse
823 4579 962 4644 setun-unt,

155 4655 257 4708 scilicet
272 4654 304 4708 dc
319 4657 452 4724 primitiis
466 4658 565 4723 obirem,
589 4658 622 4710 de
640 4658 695 4712 lino
710 4663 735 4714 et
763 4661 836 4729 lana,
851 4665 883 4717 de
902 4674 963 4721 eino

154 4750 235 4815 atquc
249 4761 367 4813 cornuto,
386 4749 441 4801 siue
462 4749 495 4802 de
508 4749 721 4820 quibuscumque
743 4753 822 4809 rebus
845 4756 888 4811 bio
906 4773 960 4814 non

151 4840 302 4906 pratentis,
332 4838 373 4892 bis
393 4839 582 4895 innotescimus
597 4856 651 4896 esse
669 4843 851 4914 plaudendum,
877 4853 960 4919 utque

151 4929 221 4984 illuri
241 4945 268 4984 se
293 4931 392 4985 divium
415 4934 513 5000 pratia
543 4937 662 4989 muneris
703 4936 856 5006 adepturos,
886 4943 959 5011 quod

151 5018 252 5073 Paulus
282 5019 417 5087 apostolius
443 5026 604 5089 spontaneos
630 5024 756 5079 bonorum
783 5043 892 5084 suorum
914 5031 958 5085 di-

152 5113 320 5178 speusotores
349 5111 501 5179 diliqendos
523 5114 665 5181 predicat,
699 5117 802 5173 diceris:
839 5122 957 5177 tlilorem

151 5202 221 5255 enim
229 5201 348 5255 datorem
357 5201 450 5269 dilipit
459 5204 525 5257 Deus
536 5205 573 5273 {ll
579 5205 636 5261 Cor.
647 5223 683 5274 ιιι,
695 5207 732 5276 i.)
750 5233 761 5255 ι·
779 5212 959 5283 Neocrintquo

152 5307 179 5348 se
203 5298 234 5352 in
254 5300 384 5367 presenti
397 5300 455 5352 cito
472 5313 522 5367 pro
537 5301 585 5354 boc
605 5303 663 5371 ipso
687 5304 892 5362 benedictionem
914 5324 958 5364 co·

1014 4597 1097 4652 super
1109 4579 1404 4636 excommunicationis
1419 4581 1623 4638 maledictione.

1048 4675 1092 4730 te.
1120 4677 1155 4730 lle
1180 4674 1313 4729 auiditate
1341 4676 1398 4744 ejus
1432 4680 1461 4731 in
1477 4678 1672 4748 perquirendis
1699 4681 1824 4752 reliquiis

1012 4765 1181 4821 Sanctorum.
1198 4765 1250 4818 lste
1265 4763 1356 4817 scriba
1372 4765 1470 4819 doctus
1485 4765 1512 4819 in
1533 4781 1619 4839 reguo
1633 4768 1783 4837 coelorum,
1800 4769 1826 4823 iu

1009 4865 1105 4914 sancta
1125 4857 1255 4912 uidelicet
1276 4857 1412 4925 aeeclesia,
1444 4859 1543 4914 similis
1571 4861 1676 4916 homini
1714 4863 1827 4934 patrifa-

1009 4950 1098 5006 milias
1115 4947 1264 5020 proterenti
1292 4949 1469 5007 detitesauro
1497 4968 1547 5008 suo
1573 4969 1644 5009 noua
1665 4963 1694 5009 et
1719 4963 1825 5024 vetera,

1009 5039 1185 5111 perpendens
1195 5039 1278 5094 Deum
1295 5055 1350 5095 uon
1364 5040 1478 5096 auaitum
1496 5042 1626 5098 delectari
1645 5045 1827 5101 manufactis

1009 5130 1186 5196 habitaculis,
1200 5137 1241 5186 set
1254 5132 1344 5201 potius
1360 5132 1404 5187 bic
1418 5149 1478 5204 quic
1493 5133 1677 5204 spiritualiter
1688 5148 1827 5211 geruntur

1007 5222 1036 5276 iu
1065 5221 1140 5287 ittis;
1171 5221 1242 5277 sicut
1267 5222 1305 5279 ait
1329 5225 1459 5299 egregius
1480 5227 1646 5296 praedicator
1671 5229 1825 5284 veritatis:

1008 5312 1097 5377 Scitis,
1112 5313 1226 5379 fratres,
1250 5315 1317 5382 quio
1332 5316 1458 5383 templum
1488 5319 1536 5371 Dei
1550 5319 1625 5384 estis,
1640 5323 1666 5372 et
1690 5317 1825 5391 Spiritus,

826 5427 935 5484 VARlAE
953 5428 1140 5487 tacitanus.

190 5508 224 5546 ⁹³⁶
235 5527 318 5568 manu
333 5513 359 5567 Ω.
395 5514 430 5551 ⁰³⁸
442 5514 645 5573 bibliothecarii
664 5536 686 5575 o.
729 5522 762 5558 ⁹⁸⁷
776 5523 826 5578 Pll.
840 5541 862 5580 c.

934 5627 1039 5685 NOTAE.

188 5677 260 5754 lilii)
273 5684 349 5741 Notae
368 5688 501 5759 temporis
519 5702 616 5748 omncs
630 5701 795 5766 congruunt.
