<?xml version="1.0" encoding="UTF-8"?>
<!DOCTYPE html PUBLIC "-//W3C//DTD XHTML 1.0 Transitional//EN"
    "http://www.w3.org/TR/xhtml1/DTD/xhtml1-transitional.dtd">
<html xmlns="http://www.w3.org/1999/xhtml" xml:lang="en" lang="en">
 <head>
  <title>
</title>
<meta http-equiv="Content-Type" content="text/html;charset=utf-8" />
  <meta name='ocr-system' content='tesseract 3.04.00' />
  <meta name='ocr-capabilities' content='ocr_page ocr_carea ocr_par ocr_line ocrx_word'/>
</head>
<body>
  <div class='ocr_page' id='page_1' title='image "./patrologiaecurs69unkngoog_0125.png"; bbox 0 0 3720 6014; ppageno 0'>
   <div class='ocr_carea' id='block_1_1' title="bbox 102 198 1767 281">
    <p class='ocr_par' dir='ltr' id='par_1_1' title="bbox 102 198 1767 281">
     <span class='ocr_line' id='line_1_1' title="bbox 102 198 1767 281; baseline 0.022 -37"><span class='ocrx_word' id='word_1_1' title='bbox 102 208 154 266; x_wconf 54' lang='lat' dir='ltr'><em>m</em></span> <span class='ocrx_word' id='word_1_2' title='bbox 708 207 1154 269; x_wconf 60' lang='lat' dir='ltr'><em>mmmfflmfflm</em></span> <span class='ocrx_word' id='word_1_3' title='bbox 1475 198 1481 211; x_wconf 86' lang='lat'>&#39;</span> <span class='ocrx_word' id='word_1_4' title='bbox 1712 224 1767 281; x_wconf 69' lang='lat' dir='ltr'><em>m</em></span> 
     </span>
    </p>
   </div>
   <div class='ocr_carea' id='block_1_2' title="bbox 69 335 1767 1223">
    <p class='ocr_par' dir='ltr' id='par_1_2' title="bbox 69 335 1767 1223">
     <span class='ocr_line' id='line_1_2' title="bbox 100 335 1767 415; baseline 0.005 -20"><span class='ocrx_word' id='word_1_5' title='bbox 100 344 130 394; x_wconf 88' lang='lat' dir='ltr'><em>in</em></span> <span class='ocrx_word' id='word_1_6' title='bbox 145 341 315 395; x_wconf 84' lang='lat' dir='ltr'><em>electionibus</em></span> <span class='ocrx_word' id='word_1_7' title='bbox 333 352 401 405; x_wconf 83' lang='lat' dir='ltr'><em>sape</em></span> <span class='ocrx_word' id='word_1_8' title='bbox 415 337 584 402; x_wconf 74' lang='lat' dir='ltr'><em>coriti-stanni,</em></span> <span class='ocrx_word' id='word_1_9' title='bbox 609 335 697 401; x_wconf 75' lang='lat' dir='ltr'><em>sconti</em></span> <span class='ocrx_word' id='word_1_10' title='bbox 710 339 829 404; x_wconf 79' lang='lat' dir='ltr'><em>oporteat</em></span> <span class='ocrx_word' id='word_1_11' title='bbox 848 350 906 389; x_wconf 88' lang='lat' dir='ltr'><em>ma·</em></span> <span class='ocrx_word' id='word_1_12' title='bbox 920 340 946 408; x_wconf 73' lang='grc' dir='ltr'>Α</span> <span class='ocrx_word' id='word_1_13' title='bbox 958 336 1053 390; x_wconf 74' lang='lat' dir='ltr'><em>diriora</em></span> <span class='ocrx_word' id='word_1_14' title='bbox 1067 338 1209 392; x_wconf 81' lang='lat' dir='ltr'><em>custodiat.</em></span> <span class='ocrx_word' id='word_1_15' title='bbox 1219 344 1244 393; x_wconf 86' lang='lat' dir='ltr'><em>et</em></span> <span class='ocrx_word' id='word_1_16' title='bbox 1254 339 1712 415; x_wconf 77' lang='lat' dir='ltr'><em>personam&#39;potestatemqnetaoni,</em></span> <span class='ocrx_word' id='word_1_17' title='bbox 1729 351 1767 404; x_wconf 88' lang='lat' dir='ltr'><em>ad</em></span> 
     </span>
     <span class='ocr_line' id='line_1_3' title="bbox 97 423 1767 507; baseline 0.005 -20"><span class='ocrx_word' id='word_1_18' title='bbox 97 432 196 499; x_wconf 80' lang='lat' dir='ltr'><em>jestate</em></span> <span class='ocrx_word' id='word_1_19' title='bbox 210 429 347 496; x_wconf 76' lang='lat' dir='ltr'><em>compesci.</em></span> <span class='ocrx_word' id='word_1_20' title='bbox 372 425 546 491; x_wconf 71' lang='lat' dir='ltr'><em>maimonem</em></span> <span class='ocrx_word' id='word_1_21' title='bbox 570 423 722 494; x_wconf 76' lang='lat' dir='ltr'><em>prudentia&gt;</em></span> <span class='ocrx_word' id='word_1_22' title='bbox 735 429 759 480; x_wconf 91' lang='lat' dir='ltr'><em>et</em></span> <span class='ocrx_word' id='word_1_23' title='bbox 781 427 909 495; x_wconf 77' lang='lat' dir='ltr'><em>potestati</em></span> <span class='ocrx_word' id='word_1_24' title='bbox 959 427 1082 482; x_wconf 75' lang='lat' dir='ltr'><em>tortorem</em></span> <span class='ocrx_word' id='word_1_25' title='bbox 1094 444 1171 484; x_wconf 85' lang='lat' dir='ltr'><em>snam</em></span> <span class='ocrx_word' id='word_1_26' title='bbox 1186 434 1211 484; x_wconf 91' lang='lat' dir='ltr'><em>et</em></span> <span class='ocrx_word' id='word_1_27' title='bbox 1224 429 1351 497; x_wconf 74' lang='lat' dir='ltr'><em>obrmm,</em></span> <span class='ocrx_word' id='word_1_28' title='bbox 1378 434 1495 500; x_wconf 76' lang='lat' dir='ltr'><em>feliciter</em></span> <span class='ocrx_word' id='word_1_29' title='bbox 1520 437 1654 507; x_wconf 81' lang='lat' dir='ltr'><em>imperare</em></span> <span class='ocrx_word' id='word_1_30' title='bbox 1672 454 1767 496; x_wconf 89' lang='lat' dir='ltr'><em>eonce-</em></span> 
     </span>
     <span class='ocr_line' id='line_1_4' title="bbox 103 514 1766 599; baseline 0.004 -22"><span class='ocrx_word' id='word_1_31' title='bbox 103 528 156 578; x_wconf 78' lang='lat' dir='ltr'><em>tna</em></span> <span class='ocrx_word' id='word_1_32' title='bbox 170 537 235 575; x_wconf 87' lang='lat' dir='ltr'><em>cura</em></span> <span class='ocrx_word' id='word_1_33' title='bbox 249 519 324 574; x_wconf 85' lang='lat' dir='ltr'><em>debet</em></span> <span class='ocrx_word' id='word_1_34' title='bbox 353 518 494 572; x_wconf 85' lang='lat' dir='ltr'><em>sollicitius</em></span> <span class='ocrx_word' id='word_1_35' title='bbox 513 518 651 570; x_wconf 88' lang='lat' dir='ltr'><em>imminere</em></span> <span class='ocrx_word' id='word_1_36' title='bbox 665 521 696 570; x_wconf 86' lang='lat' dir='ltr'><em>at</em></span> <span class='ocrx_word' id='word_1_37' title='bbox 721 519 848 572; x_wconf 77' lang='lat' dir='ltr'><em>Rosciana</em></span> <span class='ocrx_word' id='word_1_38' title='bbox 859 531 909 571; x_wconf 81' lang='lat' dir='ltr'><em>ac·</em></span> <span class='ocrx_word' id='word_1_39' title='bbox 959 515 1015 570; x_wconf 85' lang='lat' dir='ltr'><em>dat.</em></span> <span class='ocrx_word' id='word_1_40' title='bbox 1029 514 1204 572; x_wconf 75' lang='lat' dir='ltr'><em>Confirmatio</em></span> <span class='ocrx_word' id='word_1_41' title='bbox 1220 516 1296 588; x_wconf 86' lang='lat' dir='ltr'><em>pacis</em></span> <span class='ocrx_word' id='word_1_42' title='bbox 1309 519 1381 574; x_wconf 89' lang='lat' dir='ltr'><em>inter</em></span> <span class='ocrx_word' id='word_1_43' title='bbox 1399 522 1580 591; x_wconf 86' lang='lat' dir='ltr'><em>apostolicum</em></span> <span class='ocrx_word' id='word_1_44' title='bbox 1602 532 1630 582; x_wconf 90' lang='lat' dir='ltr'><em>et</em></span> <span class='ocrx_word' id='word_1_45' title='bbox 1644 526 1766 599; x_wconf 86' lang='lat' dir='ltr'><em>impera·</em></span> 
     </span>
     <span class='ocr_line' id='line_1_5' title="bbox 100 604 1767 694; baseline 0.009 -31"><span class='ocrx_word' id='word_1_46' title='bbox 100 612 185 666; x_wconf 84' lang='lat' dir='ltr'><em>etesia</em></span> <span class='ocrx_word' id='word_1_47' title='bbox 203 607 397 674; x_wconf 79' lang='lat' dir='ltr'><em>maonitndoet</em></span> <span class='ocrx_word' id='word_1_48' title='bbox 427 609 581 658; x_wconf 74' lang='lat' dir='ltr'><em>cates-asam</em></span> <span class='ocrx_word' id='word_1_49' title='bbox 597 604 670 658; x_wconf 86' lang='lat' dir='ltr'><em>salas</em></span> <span class='ocrx_word' id='word_1_50' title='bbox 692 607 907 673; x_wconf 83' lang='lat' dir='ltr'><em>proestantelto·</em></span> <span class='ocrx_word' id='word_1_51' title='bbox 959 615 1056 674; x_wconf 91' lang='lat' dir='ltr'><em>torem,</em></span> <span class='ocrx_word' id='word_1_52' title='bbox 1071 610 1175 665; x_wconf 91' lang='lat' dir='ltr'><em>dumin</em></span> <span class='ocrx_word' id='word_1_53' title='bbox 1191 611 1378 669; x_wconf 89' lang='lat' dir='ltr'><em>celebratione</em></span> <span class='ocrx_word' id='word_1_54' title='bbox 1391 614 1482 672; x_wconf 77' lang='lat' dir='ltr'><em>missae</em></span> <span class='ocrx_word' id='word_1_55' title='bbox 1492 618 1612 675; x_wconf 89' lang='lat' dir='ltr'><em>traderet</em></span> <span class='ocrx_word' id='word_1_56' title='bbox 1627 620 1653 676; x_wconf 87' lang='lat' dir='ltr'><em>ei</em></span> <span class='ocrx_word' id='word_1_57' title='bbox 1663 637 1767 694; x_wconf 89' lang='lat' dir='ltr'><em>corpus</em></span> 
     </span>
     <span class='ocr_line' id='line_1_6' title="bbox 101 697 1766 776; baseline 0.008 -21"><span class='ocrx_word' id='word_1_58' title='bbox 101 703 174 756; x_wconf 88' lang='lat' dir='ltr'><em>mina</em></span> <span class='ocrx_word' id='word_1_59' title='bbox 187 701 320 768; x_wconf 76' lang='lat' dir='ltr'><em>berseficiis</em></span> <span class='ocrx_word' id='word_1_60' title='bbox 345 699 399 752; x_wconf 87' lang='lat' dir='ltr'><em>tais</em></span> <span class='ocrx_word' id='word_1_61' title='bbox 419 701 444 751; x_wconf 87' lang='lat' dir='ltr'><em>et</em></span> <span class='ocrx_word' id='word_1_62' title='bbox 471 697 589 750; x_wconf 76' lang='lat' dir='ltr'><em>servitiis</em></span> <span class='ocrx_word' id='word_1_63' title='bbox 609 700 788 750; x_wconf 79' lang='lat' dir='ltr'><em>coesseroetnr.</em></span> <span class='ocrx_word' id='word_1_64' title='bbox 812 697 910 765; x_wconf 82' lang='lat' dir='ltr'><em>Siqua</em></span> <span class='ocrx_word' id='word_1_65' title='bbox 958 707 986 756; x_wconf 84' lang='lat' dir='ltr'><em>et</em></span> <span class='ocrx_word' id='word_1_66' title='bbox 1005 702 1169 776; x_wconf 81' lang='lat' dir='ltr'><em>sanguinem</em></span> <span class='ocrx_word' id='word_1_67' title='bbox 1190 703 1296 759; x_wconf 91' lang='lat' dir='ltr'><em>domini</em></span> <span class='ocrx_word' id='word_1_68' title='bbox 1322 706 1407 762; x_wconf 84' lang='lat' dir='ltr'><em>nostri</em></span> <span class='ocrx_word' id='word_1_69' title='bbox 1434 708 1498 764; x_wconf 89' lang='lat' dir='ltr'><em>lesu</em></span> <span class='ocrx_word' id='word_1_70' title='bbox 1513 708 1613 766; x_wconf 79' lang='lat' dir='ltr'><em>Christi</em></span> <span class='ocrx_word' id='word_1_71' title='bbox 1630 729 1637 765; x_wconf 78' lang='grc' dir='ltr'>ε</span> <span class='ocrx_word' id='word_1_72' title='bbox 1655 716 1766 770; x_wconf 84' lang='lat' dir='ltr'><em>Darniae</em></span> 
     </span>
     <span class='ocr_line' id='line_1_7' title="bbox 100 785 1764 863; baseline 0.001 -19"><span class='ocrx_word' id='word_1_73' title='bbox 100 791 189 858; x_wconf 74' lang='lat' dir='ltr'><em>ipitar</em></span> <span class='ocrx_word' id='word_1_74' title='bbox 204 788 395 842; x_wconf 85' lang='lat' dir='ltr'><em>aeclesiastica</em></span> <span class='ocrx_word' id='word_1_75' title='bbox 409 785 569 840; x_wconf 81' lang='lat' dir='ltr'><em>secularisve</em></span> <span class='ocrx_word' id='word_1_76' title='bbox 581 798 709 852; x_wconf 89' lang='lat' dir='ltr'><em>persana,</em></span> <span class='ocrx_word' id='word_1_77' title='bbox 725 785 794 838; x_wconf 80' lang='lat' dir='ltr'><em>lca-iic</em></span> <span class='ocrx_word' id='word_1_78' title='bbox 812 788 910 839; x_wconf 84' lang='lat' dir='ltr'><em>nostra</em></span> <span class='ocrx_word' id='word_1_79' title='bbox 957 793 1116 860; x_wconf 72' lang='lat' dir='ltr'><em>imperator,</em></span> <span class='ocrx_word' id='word_1_80' title='bbox 1132 793 1179 846; x_wconf 76' lang='lat' dir='ltr'><em>naa</em></span> <span class='ocrx_word' id='word_1_81' title='bbox 1197 808 1293 863; x_wconf 65' lang='lat' dir='ltr'><em>carpus</em></span> <span class='ocrx_word' id='word_1_82' title='bbox 1307 797 1424 863; x_wconf 71' lang='lat' dir='ltr'><em>nomini,</em></span> <span class='ocrx_word' id='word_1_83' title='bbox 1440 802 1535 854; x_wconf 67' lang='lat' dir='ltr'><em>natm</em></span> <span class='ocrx_word' id='word_1_84' title='bbox 1551 816 1586 856; x_wconf 60' lang='grc' dir='ltr'><em>ω)</em></span> <span class='ocrx_word' id='word_1_85' title='bbox 1601 803 1692 856; x_wconf 70' lang='lat' dir='ltr'><em>Marsa</em></span> <span class='ocrx_word' id='word_1_86' title='bbox 1703 806 1764 859; x_wconf 64' lang='lat' dir='ltr'><em>pir.</em></span> 
     </span>
     <span class='ocr_line' id='line_1_8' title="bbox 101 880 1767 952; baseline 0.005 -14"><span class='ocrx_word' id='word_1_87' title='bbox 101 885 279 939; x_wconf 77' lang='lat' dir='ltr'><em>concessionis</em></span> <span class='ocrx_word' id='word_1_88' title='bbox 301 883 433 950; x_wconf 75' lang='lat' dir='ltr'><em>pnpinam</em></span> <span class='ocrx_word' id='word_1_89' title='bbox 460 880 556 942; x_wconf 74' lang='lat' dir='ltr'><em>sciaris,</em></span> <span class='ocrx_word' id='word_1_90' title='bbox 578 883 672 931; x_wconf 88' lang='lat' dir='ltr'><em>contra</em></span> <span class='ocrx_word' id='word_1_91' title='bbox 686 894 745 932; x_wconf 83' lang='lat' dir='ltr'><em>eain</em></span> <span class='ocrx_word' id='word_1_92' title='bbox 766 880 908 932; x_wconf 77' lang='lat' dir='ltr'><em>teramario</em></span> <span class='ocrx_word' id='word_1_93' title='bbox 958 881 1184 949; x_wconf 74' lang='lat' dir='ltr'><em>ainepassumin</em></span> <span class='ocrx_word' id='word_1_94' title='bbox 1203 897 1280 937; x_wconf 78' lang='lat' dir='ltr'><em>cruce</em></span> <span class='ocrx_word' id='word_1_95' title='bbox 1293 899 1345 952; x_wconf 85' lang='lat' dir='ltr'><em>pra</em></span> <span class='ocrx_word' id='word_1_96' title='bbox 1359 885 1446 949; x_wconf 85' lang='lat' dir='ltr'><em>nobis,</em></span> <span class='ocrx_word' id='word_1_97' title='bbox 1473 888 1544 941; x_wconf 86' lang='lat' dir='ltr'><em>sicut</em></span> <span class='ocrx_word' id='word_1_98' title='bbox 1568 893 1701 945; x_wconf 88' lang='lat' dir='ltr'><em>sanctact</em></span> <span class='ocrx_word' id='word_1_99' title='bbox 1719 907 1767 946; x_wconf 86' lang='lat' dir='ltr'><em>cn·</em></span> 
     </span>
     <span class='ocr_line' id='line_1_9' title="bbox 101 961 1766 1045; baseline 0.002 -17"><span class='ocrx_word' id='word_1_100' title='bbox 101 992 172 1029; x_wconf 81' lang='lat' dir='ltr'><em>crrcsa</em></span> <span class='ocrx_word' id='word_1_101' title='bbox 193 976 284 1028; x_wconf 74' lang='lat' dir='ltr'><em>contire</em></span> <span class='ocrx_word' id='word_1_102' title='bbox 307 972 486 1040; x_wconf 86' lang='lat' dir='ltr'><em>temptaverit,</em></span> <span class='ocrx_word' id='word_1_103' title='bbox 511 970 693 1023; x_wconf 78' lang='lat' dir='ltr'><em>anathematis</em></span> <span class='ocrx_word' id='word_1_104' title='bbox 719 972 834 1037; x_wconf 81' lang='lat' dir='ltr'><em>uinculo,</em></span> <span class='ocrx_word' id='word_1_105' title='bbox 853 971 909 1023; x_wconf 89' lang='lat' dir='ltr'><em>nisi</em></span> <span class='ocrx_word' id='word_1_106' title='bbox 958 967 1058 1022; x_wconf 84' lang='lat' dir='ltr'><em>tbalica</em></span> <span class='ocrx_word' id='word_1_107' title='bbox 1085 972 1152 1022; x_wconf 81' lang='lat' dir='ltr'><em>terret</em></span> <span class='ocrx_word' id='word_1_108' title='bbox 1178 970 1306 1035; x_wconf 76' lang='lat' dir='ltr'><em>aecclesia,</em></span> <span class='ocrx_word' id='word_1_109' title='bbox 1334 972 1430 1026; x_wconf 84' lang='lat' dir='ltr'><em>damas</em></span> <span class='ocrx_word' id='word_1_110' title='bbox 1445 975 1496 1027; x_wconf 88' lang='lat' dir='ltr'><em>tibi</em></span> <span class='ocrx_word' id='word_1_111' title='bbox 1513 977 1544 1028; x_wconf 89' lang='lat' dir='ltr'><em>in</em></span> <span class='ocrx_word' id='word_1_112' title='bbox 1563 961 1766 1045; x_wconf 69' lang='lat' dir='ltr'><em>confimationi</em></span> 
     </span>
     <span class='ocr_line' id='line_1_10' title="bbox 69 1052 1764 1136; baseline -0.001 -16"><span class='ocrx_word' id='word_1_113' title='bbox 69 1052 73 1057; x_wconf 40' lang='lat'><strong><em>¹</em></strong></span> <span class='ocrx_word' id='word_1_114' title='bbox 101 1069 254 1136; x_wconf 84' lang='lat' dir='ltr'><em>resipuerit,</em></span> <span class='ocrx_word' id='word_1_115' title='bbox 273 1063 428 1126; x_wconf 70' lang='lat' dir='ltr'><em>insuccatae,</em></span> <span class='ocrx_word' id='word_1_116' title='bbox 449 1062 610 1129; x_wconf 78' lang='lat' dir='ltr'><em>bostarispae</em></span> <span class='ocrx_word' id='word_1_117' title='bbox 634 1076 666 1115; x_wconf 92' lang='lat' dir='ltr'><em>ac</em></span> <span class='ocrx_word' id='word_1_118' title='bbox 692 1061 835 1127; x_wconf 64' lang='lat' dir='ltr'><em>disparitatis</em></span> <span class='ocrx_word' id='word_1_119' title='bbox 853 1075 909 1114; x_wconf 73' lang='lat' dir='ltr'><em>saa</em></span> <span class='ocrx_word' id='word_1_120' title='bbox 957 1057 1114 1125; x_wconf 70' lang='lat' dir='ltr'><em>vmaepacis</em></span> <span class='ocrx_word' id='word_1_121' title='bbox 1129 1060 1154 1110; x_wconf 81' lang='lat' dir='ltr'><em>et</em></span> <span class='ocrx_word' id='word_1_122' title='bbox 1167 1059 1313 1113; x_wconf 77' lang='lat' dir='ltr'><em>cornordiae</em></span> <span class='ocrx_word' id='word_1_123' title='bbox 1326 1061 1488 1117; x_wconf 75' lang='lat' dir='ltr'><em>intermeat</em></span> <span class='ocrx_word' id='word_1_124' title='bbox 1502 1068 1535 1117; x_wconf 85' lang='lat' dir='ltr'><em>tc.</em></span> <span class='ocrx_word' id='word_1_125' title='bbox 1552 1067 1701 1122; x_wconf 80' lang='lat' dir='ltr'><em>Datamest</em></span> <span class='ocrx_word' id='word_1_126' title='bbox 1720 1068 1764 1123; x_wconf 86' lang='lat' dir='ltr'><em>ld.</em></span> 
     </span>
     <span class='ocr_line' id='line_1_11' title="bbox 101 1147 1318 1223; baseline -0.001 -16"><span class='ocrx_word' id='word_1_127' title='bbox 101 1154 251 1223; x_wconf 82' lang='lat' dir='ltr'><em>periculum</em></span> <span class='ocrx_word' id='word_1_128' title='bbox 264 1154 397 1221; x_wconf 83' lang='lat' dir='ltr'><em>patiatur.</em></span> <span class='ocrx_word' id='word_1_129' title='bbox 423 1150 598 1205; x_wconf 79' lang='lat' dir='ltr'><em>Obsnaantes</em></span> <span class='ocrx_word' id='word_1_130' title='bbox 617 1154 705 1204; x_wconf 87' lang='lat' dir='ltr'><em>uatem</em></span> <span class='ocrx_word' id='word_1_131' title='bbox 723 1148 908 1204; x_wconf 80' lang='lat' dir='ltr'><em>misericordia</em></span> <span class='ocrx_word' id='word_1_132' title='bbox 958 1147 1230 1216; x_wconf 59' lang='lat' dir='ltr'><em>repraesentatione</em></span> <span class='ocrx_word' id='word_1_133' title='bbox 1243 1149 1260 1201; x_wconf 79' lang='grc'><strong>4</strong></span> <span class='ocrx_word' id='word_1_134' title='bbox 1274 1149 1318 1206; x_wconf 73' lang='lat'><em>²⁸³.</em></span> 
     </span>
    </p>
   </div>
   <div class='ocr_carea' id='block_1_3' title="bbox 100 1350 475 1361">
    <p class='ocr_par' dir='ltr' id='par_1_3' title="bbox 100 1350 475 1361">
     <span class='ocr_line' id='line_1_12' title="bbox 100 1350 475 1361; baseline -0.008 0"><span class='ocrx_word' id='word_1_135' title='bbox 100 1350 475 1361; x_wconf 53' lang='lat' dir='ltr'><em>...u-*m-</em></span> 
     </span>
    </p>
   </div>
   <div class='ocr_carea' id='block_1_4' title="bbox 395 1511 1465 1870">
    <p class='ocr_par' dir='ltr' id='par_1_4' title="bbox 395 1511 1465 1870">
     <span class='ocr_line' id='line_1_13' title="bbox 395 1511 1465 1659; baseline 0.008 -9"><span class='ocrx_word' id='word_1_136' title='bbox 395 1511 769 1652; x_wconf 76' lang='lat' dir='ltr'>ANSELMI</span> <span class='ocrx_word' id='word_1_137' title='bbox 825 1512 1465 1659; x_wconf 75' lang='lat' dir='ltr'><em>Gunnutcensls</em></span> 
     </span>
     <span class='ocr_line' id='line_1_14' title="bbox 716 1773 1146 1870; baseline -0.005 0"><span class='ocrx_word' id='word_1_138' title='bbox 716 1773 1146 1870; x_wconf 69' lang='lat' dir='ltr'><em>aou&#39;ctuuauuo</em></span> 
     </span>
    </p>
   </div>
   <div class='ocr_carea' id='block_1_5' title="bbox 95 2028 1765 2922">
    <p class='ocr_par' dir='ltr' id='par_1_5' title="bbox 95 2028 1765 2922">
     <span class='ocr_line' id='line_1_15' title="bbox 137 2028 1765 2110; baseline 0.003 -22"><span class='ocrx_word' id='word_1_139' title='bbox 137 2034 216 2087; x_wconf 77' lang='lat' dir='ltr'><em>lits.</em></span> <span class='ocrx_word' id='word_1_140' title='bbox 270 2032 300 2086; x_wconf 82' lang='lat' dir='ltr'><em>ll.</em></span> <span class='ocrx_word' id='word_1_141' title='bbox 329 2034 355 2084; x_wconf 83' lang='lat' dir='ltr'><em>n.</em></span> <span class='ocrx_word' id='word_1_142' title='bbox 387 2031 436 2102; x_wconf 71' lang='lat' dir='ltr'><em>(l).</em></span> <span class='ocrx_word' id='word_1_143' title='bbox 490 2029 515 2083; x_wconf 95' lang='lat' dir='ltr'><em>F.</em></span> <span class='ocrx_word' id='word_1_144' title='bbox 542 2030 568 2084; x_wconf 85' lang='lat'><em>3.</em></span> <span class='ocrx_word' id='word_1_145' title='bbox 586 2030 635 2099; x_wconf 73' lang='lat' dir='ltr'><em>(t.)</em></span> <span class='ocrx_word' id='word_1_146' title='bbox 673 2030 702 2082; x_wconf 80' lang='grc' dir='ltr'><em>Α.</em></span> <span class='ocrx_word' id='word_1_147' title='bbox 729 2028 775 2084; x_wconf 74' lang='lat'><em>12.</em></span> <span class='ocrx_word' id='word_1_148' title='bbox 801 2028 866 2096; x_wconf 84' lang='grc'>(13).</span> <span class='ocrx_word' id='word_1_149' title='bbox 916 2028 1271 2100; x_wconf 83' lang='lat' dir='ltr'><em>ssooenobii‚virin0mni</em></span> <span class='ocrx_word' id='word_1_150' title='bbox 1298 2030 1414 2085; x_wconf 87' lang='lat' dir='ltr'><em>scientia</em></span> <span class='ocrx_word' id='word_1_151' title='bbox 1440 2032 1592 2090; x_wconf 86' lang='lat' dir='ltr'><em>litterarum</em></span> <span class='ocrx_word' id='word_1_152' title='bbox 1620 2037 1765 2110; x_wconf 88' lang='lat' dir='ltr'><em>incompa-</em></span> 
     </span>
     <span class='ocr_line' id='line_1_16' title="bbox 402 2117 1763 2193; baseline -0.003 -4"><span class='ocrx_word' id='word_1_153' title='bbox 402 2117 605 2187; x_wconf 64' lang='lat' dir='ltr'><em>H·12·i¹3)’⁸⁸·</em></span> <span class='ocrx_word' id='word_1_154' title='bbox 955 2117 1050 2173; x_wconf 80' lang='lat' dir='ltr'><em>rabilis</em></span> <span class='ocrx_word' id='word_1_155' title='bbox 1065 2119 1179 2193; x_wconf 87' lang='lat' dir='ltr'><em>ingenii.</em></span> <span class='ocrx_word' id='word_1_156' title='bbox 1192 2120 1347 2190; x_wconf 88' lang='lat' dir='ltr'><em>descriptor</em></span> <span class='ocrx_word' id='word_1_157' title='bbox 1371 2123 1582 2193; x_wconf 89' lang='lat' dir='ltr'><em>precedentium</em></span> <span class='ocrx_word' id='word_1_158' title='bbox 1611 2127 1640 2182; x_wconf 90' lang='lat' dir='ltr'><em>in</em></span> <span class='ocrx_word' id='word_1_159' title='bbox 1657 2128 1709 2185; x_wconf 87' lang='lat' dir='ltr'><em>hoc</em></span> <span class='ocrx_word' id='word_1_160' title='bbox 1728 2129 1763 2184; x_wconf 93' lang='lat' dir='ltr'><em>li·</em></span> 
     </span>
     <span class='ocr_line' id='line_1_17' title="bbox 135 2207 1763 2292; baseline 0.006 -25"><span class='ocrx_word' id='word_1_161' title='bbox 135 2211 485 2285; x_wconf 83' lang='lat' dir='ltr'><em>Deopeccatishominum</em></span> <span class='ocrx_word' id='word_1_162' title='bbox 514 2208 631 2275; x_wconf 82' lang='lat' dir='ltr'><em>offenso,</em></span> <span class='ocrx_word' id='word_1_163' title='bbox 655 2210 741 2264; x_wconf 90' lang='lat' dir='ltr'><em>multo</em></span> <span class='ocrx_word' id='word_1_164' title='bbox 772 2207 903 2263; x_wconf 82' lang='lat' dir='ltr'><em>eueniunt</em></span> <span class='ocrx_word' id='word_1_165' title='bbox 954 2210 1763 2292; x_wconf 88' lang='lat' dir='ltr'><em>brotemporum,3.Non.0ctabrisobiit.etnobisper-</em></span> 
     </span>
     <span class='ocr_line' id='line_1_18' title="bbox 99 2298 1625 2378; baseline 0.003 -18"><span class='ocrx_word' id='word_1_166' title='bbox 99 2307 151 2362; x_wconf 91' lang='lat' dir='ltr'><em>hoc</em></span> <span class='ocrx_word' id='word_1_167' title='bbox 163 2320 247 2362; x_wconf 88' lang='lat' dir='ltr'><em>anno.</em></span> <span class='ocrx_word' id='word_1_168' title='bbox 263 2302 552 2361; x_wconf 82' lang='lat' dir='ltr'><em>lamonteCastriloco</em></span> <span class='ocrx_word' id='word_1_169' title='bbox 564 2301 689 2357; x_wconf 81' lang='lat' dir='ltr'><em>aeeclesia</em></span> <span class='ocrx_word' id='word_1_170' title='bbox 701 2307 804 2355; x_wconf 79' lang='lat' dir='ltr'><em>sancta</em></span> <span class='ocrx_word' id='word_1_171' title='bbox 824 2298 903 2354; x_wconf 88' lang='lat' dir='ltr'><em>Gual-</em></span> <span class='ocrx_word' id='word_1_172' title='bbox 958 2307 1068 2372; x_wconf 88' lang='lat' dir='ltr'><em>petuam</em></span> <span class='ocrx_word' id='word_1_173' title='bbox 1084 2318 1218 2357; x_wconf 88' lang='lat' dir='ltr'><em>merorem</em></span> <span class='ocrx_word' id='word_1_174' title='bbox 1228 2303 1361 2359; x_wconf 78' lang='lat' dir='ltr'><em>absentiae</em></span> <span class='ocrx_word' id='word_1_175' title='bbox 1375 2321 1432 2360; x_wconf 89' lang='lat' dir='ltr'><em>suae</em></span> <span class='ocrx_word' id='word_1_176' title='bbox 1447 2306 1561 2378; x_wconf 88' lang='lat' dir='ltr'><em>reliquit</em></span> <span class='ocrx_word' id='word_1_177' title='bbox 1579 2308 1625 2364; x_wconf 79' lang='lat'><em>¹⁰⁸.</em></span> 
     </span>
     <span class='ocr_line' id='line_1_19' title="bbox 98 2389 1709 2472; baseline -0.006 -22"><span class='ocrx_word' id='word_1_178' title='bbox 98 2393 388 2450; x_wconf 87' lang='lat' dir='ltr'><em>dedrudiscumaliis</em></span> <span class='ocrx_word' id='word_1_179' title='bbox 412 2391 520 2447; x_wconf 89' lang='lat' dir='ltr'><em>duabus</em></span> <span class='ocrx_word' id='word_1_180' title='bbox 542 2389 852 2447; x_wconf 84' lang='lat' dir='ltr'><em>aecelesiisminoribus</em></span> <span class='ocrx_word' id='word_1_181' title='bbox 877 2393 904 2443; x_wconf 92' lang='lat' dir='ltr'><em>et</em></span> <span class='ocrx_word' id='word_1_182' title='bbox 993 2394 1075 2451; x_wconf 88' lang='lat' dir='ltr'><em>lll3.</em></span> <span class='ocrx_word' id='word_1_183' title='bbox 1116 2396 1143 2449; x_wconf 81' lang='lat'><em>7.</em></span> <span class='ocrx_word' id='word_1_184' title='bbox 1171 2395 1221 2466; x_wconf 77' lang='lat'><em>(8.)</em></span> <span class='ocrx_word' id='word_1_185' title='bbox 1258 2397 1284 2450; x_wconf 79' lang='lat' dir='ltr'><em>l.</em></span> <span class='ocrx_word' id='word_1_186' title='bbox 1315 2398 1363 2468; x_wconf 67' lang='grc' dir='ltr'><em>(ὅ)</em></span> <span class='ocrx_word' id='word_1_187' title='bbox 1402 2397 1444 2453; x_wconf 77' lang='lat'><em>13,</em></span> <span class='ocrx_word' id='word_1_188' title='bbox 1474 2398 1543 2470; x_wconf 53' lang='lat' dir='ltr'><em>(tt.)</em></span> <span class='ocrx_word' id='word_1_189' title='bbox 1580 2399 1624 2454; x_wconf 75' lang='lat'><em>13,</em></span> <span class='ocrx_word' id='word_1_190' title='bbox 1640 2401 1709 2472; x_wconf 62' lang='lat' dir='ltr'><em>(st)</em></span> 
     </span>
     <span class='ocr_line' id='line_1_20' title="bbox 97 2477 1763 2557; baseline 0.005 -18"><span class='ocrx_word' id='word_1_191' title='bbox 97 2501 158 2541; x_wconf 92' lang='lat' dir='ltr'><em>cum</em></span> <span class='ocrx_word' id='word_1_192' title='bbox 175 2491 231 2540; x_wconf 91' lang='lat' dir='ltr'><em>toto</em></span> <span class='ocrx_word' id='word_1_193' title='bbox 252 2498 332 2555; x_wconf 77' lang='lat' dir='ltr'><em>paene</em></span> <span class='ocrx_word' id='word_1_194' title='bbox 342 2482 446 2554; x_wconf 90' lang='lat' dir='ltr'><em>oppido</em></span> <span class='ocrx_word' id='word_1_195' title='bbox 459 2483 546 2537; x_wconf 78' lang='lat' dir='ltr'><em>assuit</em></span> <span class='ocrx_word' id='word_1_196' title='bbox 558 2481 603 2536; x_wconf 77' lang='lat'><em>²⁸⁹.</em></span> <span class='ocrx_word' id='word_1_197' title='bbox 613 2480 744 2537; x_wconf 81' lang='lat' dir='ltr'><em>AEcclesia</em></span> <span class='ocrx_word' id='word_1_198' title='bbox 759 2477 904 2534; x_wconf 81' lang='lat' dir='ltr'><em>sanctiMi·</em></span> <span class='ocrx_word' id='word_1_199' title='bbox 992 2486 1114 2542; x_wconf 86' lang='lat' dir='ltr'><em>Domnus</em></span> <span class='ocrx_word' id='word_1_200' title='bbox 1126 2486 1213 2542; x_wconf 89' lang='lat' dir='ltr'><em>abbas</em></span> <span class='ocrx_word' id='word_1_201' title='bbox 1227 2486 1371 2544; x_wconf 81' lang='lat' dir='ltr'><em>lietardus</em></span> <span class='ocrx_word' id='word_1_202' title='bbox 1384 2493 1411 2545; x_wconf 87' lang='lat' dir='ltr'><em>l.</em></span> <span class='ocrx_word' id='word_1_203' title='bbox 1437 2489 1507 2545; x_wconf 88' lang='lat' dir='ltr'><em>Non.</em></span> <span class='ocrx_word' id='word_1_204' title='bbox 1524 2489 1664 2546; x_wconf 79' lang='lat' dir='ltr'><em>Februarii</em></span> <span class='ocrx_word' id='word_1_205' title='bbox 1680 2491 1763 2557; x_wconf 71' lang='lat' dir='ltr'><em>obit:</em></span> 
     </span>
     <span class='ocr_line' id='line_1_21' title="bbox 97 2565 1763 2642; baseline -0.012 -14"><span class='ocrx_word' id='word_1_206' title='bbox 97 2573 203 2628; x_wconf 82' lang='lat' dir='ltr'><em>abaelis</em></span> <span class='ocrx_word' id='word_1_207' title='bbox 230 2572 264 2626; x_wconf 89' lang='lat' dir='ltr'><em>do</em></span> <span class='ocrx_word' id='word_1_208' title='bbox 291 2569 412 2641; x_wconf 85' lang='lat' dir='ltr'><em>periculo</em></span> <span class='ocrx_word' id='word_1_209' title='bbox 436 2569 519 2623; x_wconf 85' lang='lat' dir='ltr'><em>maris</em></span> <span class='ocrx_word' id='word_1_210' title='bbox 535 2568 679 2642; x_wconf 80' lang='lat' dir='ltr'><em>Fulgurata</em></span> <span class='ocrx_word' id='word_1_211' title='bbox 694 2567 826 2622; x_wconf 86' lang='lat' dir='ltr'><em>divinitus</em></span> <span class='ocrx_word' id='word_1_212' title='bbox 839 2565 906 2621; x_wconf 86' lang='lat' dir='ltr'><em>arsit</em></span> <span class='ocrx_word' id='word_1_213' title='bbox 957 2573 1001 2629; x_wconf 78' lang='lat' dir='ltr'><em>cui</em></span> <span class='ocrx_word' id='word_1_214' title='bbox 1015 2573 1266 2630; x_wconf 61' lang='lat' dir='ltr'><em>Anselmusociaw</em></span> <span class='ocrx_word' id='word_1_215' title='bbox 1286 2575 1347 2630; x_wconf 73' lang='lat'><strong>1000</strong></span> <span class='ocrx_word' id='word_1_216' title='bbox 1374 2576 1402 2630; x_wconf 61' lang='lat' dir='ltr'><em>fin</em></span> <span class='ocrx_word' id='word_1_217' title='bbox 1424 2576 1617 2635; x_wconf 55' lang='lat' dir='ltr'><em>gemblacensi</em></span> <span class='ocrx_word' id='word_1_218' title='bbox 1632 2579 1763 2638; x_wconf 56' lang='lat' dir='ltr'><strong>eoenobjo</strong></span> 
     </span>
     <span class='ocr_line' id='line_1_22' title="bbox 96 2658 1764 2740; baseline -0.001 -20"><span class='ocrx_word' id='word_1_219' title='bbox 96 2664 209 2719; x_wconf 80' lang='lat' dir='ltr'><em>¹⁹⁰cum</em></span> <span class='ocrx_word' id='word_1_220' title='bbox 231 2660 357 2717; x_wconf 84' lang='lat' dir='ltr'><em>aediliciis</em></span> <span class='ocrx_word' id='word_1_221' title='bbox 385 2660 439 2714; x_wconf 92' lang='lat' dir='ltr'><em>sibi</em></span> <span class='ocrx_word' id='word_1_222' title='bbox 471 2658 704 2730; x_wconf 85' lang='lat' dir='ltr'><em>appendentibus.</em></span> <span class='ocrx_word' id='word_1_223' title='bbox 740 2658 901 2713; x_wconf 88' lang='lat' dir='ltr'><em>Gualdricus</em></span> <span class='ocrx_word' id='word_1_224' title='bbox 956 2665 1124 2721; x_wconf 56' lang='lat' dir='ltr'><em>succedam.</em></span> <span class='ocrx_word' id='word_1_225' title='bbox 1145 2665 1221 2739; x_wconf 82' lang='lat' dir='ltr'><em>Faria</em></span> <span class='ocrx_word' id='word_1_226' title='bbox 1234 2666 1261 2729; x_wconf 79' lang='grc'><em>,3.</em></span> <span class='ocrx_word' id='word_1_227' title='bbox 1283 2667 1465 2724; x_wconf 78' lang='lat' dir='ltr'><em>bebdomada</em></span> <span class='ocrx_word' id='word_1_228' title='bbox 1490 2671 1639 2740; x_wconf 84' lang='lat' dir='ltr'><em>paschalis,</em></span> <span class='ocrx_word' id='word_1_229' title='bbox 1655 2672 1683 2726; x_wconf 82' lang='lat'><em>6.</em></span> <span class='ocrx_word' id='word_1_230' title='bbox 1698 2672 1764 2729; x_wconf 71' lang='lat' dir='ltr'><em>{dus</em></span> 
     </span>
     <span class='ocr_line' id='line_1_23' title="bbox 95 2750 1762 2828; baseline -0.004 -2"><span class='ocrx_word' id='word_1_231' title='bbox 95 2751 553 2826; x_wconf 60' lang='lat' dir='ltr'><em>⁰115⁵&lt;²0l¹¹¹⁸¹⁴³¹¹d¹¹¹¹t³¹¹iissilves</em></span> <span class='ocrx_word' id='word_1_232' title='bbox 578 2750 664 2821; x_wconf 67' lang='lat' dir='ltr'><em>ipsius</em></span> <span class='ocrx_word' id='word_1_233' title='bbox 680 2750 757 2805; x_wconf 62' lang='lat' dir='ltr'><em>urbis</em></span> <span class='ocrx_word' id='word_1_234' title='bbox 777 2766 900 2805; x_wconf 58' lang='lat' dir='ltr'><em>isocra-</em></span> <span class='ocrx_word' id='word_1_235' title='bbox 952 2757 1060 2828; x_wconf 77' lang='lat' dir='ltr'><em>Aprilis.</em></span> <span class='ocrx_word' id='word_1_236' title='bbox 1077 2757 1276 2812; x_wconf 87' lang='lat' dir='ltr'><em>monasterium</em></span> <span class='ocrx_word' id='word_1_237' title='bbox 1289 2757 1406 2814; x_wconf 80' lang='lat' dir='ltr'><em>Prumiae</em></span> <span class='ocrx_word' id='word_1_238' title='bbox 1433 2766 1572 2818; x_wconf 87' lang='lat' dir='ltr'><em>crematur</em></span> <span class='ocrx_word' id='word_1_239' title='bbox 1590 2778 1652 2818; x_wconf 90' lang='lat' dir='ltr'><em>cum</em></span> <span class='ocrx_word' id='word_1_240' title='bbox 1667 2762 1762 2820; x_wconf 83' lang='lat' dir='ltr'><em>offici-</em></span> 
     </span>
     <span class='ocr_line' id='line_1_24' title="bbox 96 2840 1762 2922; baseline -0.004 -9"><span class='ocrx_word' id='word_1_241' title='bbox 96 2851 191 2899; x_wconf 65' lang='lat' dir='ltr'>m0¹¹10</span> <span class='ocrx_word' id='word_1_242' title='bbox 206 2858 350 2914; x_wconf 64' lang='lat' dir='ltr'><em>perperam</em></span> <span class='ocrx_word' id='word_1_243' title='bbox 363 2841 461 2909; x_wconf 65' lang='lat' dir='ltr'><em>tumlti</em></span> <span class='ocrx_word' id='word_1_244' title='bbox 477 2840 681 2896; x_wconf 69' lang='lat' dir='ltr'><em>⁰0mm0ssit⁸iis</em></span> <span class='ocrx_word' id='word_1_245' title='bbox 702 2854 830 2895; x_wconf 75' lang='lat' dir='ltr'><em>revocare</em></span> <span class='ocrx_word' id='word_1_246' title='bbox 858 2840 902 2893; x_wconf 83' lang='lat' dir='ltr'><em>ni·</em></span> <span class='ocrx_word' id='word_1_247' title='bbox 952 2845 996 2899; x_wconf 91' lang='lat' dir='ltr'><em>nis</em></span> <span class='ocrx_word' id='word_1_248' title='bbox 1008 2845 1076 2909; x_wconf 87' lang='lat' dir='ltr'><em>suis,</em></span> <span class='ocrx_word' id='word_1_249' title='bbox 1094 2845 1222 2899; x_wconf 84' lang='lat' dir='ltr'><em>thesauro</em></span> <span class='ocrx_word' id='word_1_250' title='bbox 1242 2852 1269 2901; x_wconf 88' lang='lat' dir='ltr'><em>et</em></span> <span class='ocrx_word' id='word_1_251' title='bbox 1295 2845 1466 2902; x_wconf 82' lang='lat' dir='ltr'><em>bibliotheca</em></span> <span class='ocrx_word' id='word_1_252' title='bbox 1496 2849 1629 2905; x_wconf 76' lang='lat' dir='ltr'><em>aecclesia</em></span> <span class='ocrx_word' id='word_1_253' title='bbox 1648 2851 1762 2922; x_wconf 75' lang='lat' dir='ltr'><em>perlici</em></span> 
     </span>
    </p>
   </div>
   <div class='ocr_carea' id='block_1_6' title="bbox 96 2930 1763 3743">
    <p class='ocr_par' dir='ltr' id='par_1_6' title="bbox 96 2930 1763 3743">
     <span class='ocr_line' id='line_1_25' title="bbox 99 2930 1761 3017; baseline -0.002 -26"><span class='ocrx_word' id='word_1_254' title='bbox 99 2952 156 3003; x_wconf 90' lang='lat' dir='ltr'><em>sus,</em></span> <span class='ocrx_word' id='word_1_255' title='bbox 167 2930 373 2991; x_wconf 88' lang='lat' dir='ltr'><em>aseditiosisad</em></span> <span class='ocrx_word' id='word_1_256' title='bbox 388 2949 463 2987; x_wconf 89' lang='lat' dir='ltr'><em>arma</em></span> <span class='ocrx_word' id='word_1_257' title='bbox 478 2931 718 2997; x_wconf 88' lang='lat' dir='ltr'><em>concurrentibus,</em></span> <span class='ocrx_word' id='word_1_258' title='bbox 735 2933 809 3004; x_wconf 89' lang='lat' dir='ltr'><em>quod</em></span> <span class='ocrx_word' id='word_1_259' title='bbox 825 2933 902 2988; x_wconf 90' lang='lat' dir='ltr'><em>dictu</em></span> <span class='ocrx_word' id='word_1_260' title='bbox 954 2940 1156 3010; x_wconf 78' lang='lat' dir='ltr'><em>prouidentiam</em></span> <span class='ocrx_word' id='word_1_261' title='bbox 1173 2940 1337 2996; x_wconf 82' lang='lat' dir='ltr'><em>durantibus</em></span> <span class='ocrx_word' id='word_1_262' title='bbox 1351 2941 1436 2998; x_wconf 77' lang='lat' dir='ltr'><em>illesis</em></span> <span class='ocrx_word' id='word_1_263' title='bbox 1449 2943 1493 2998; x_wconf 78' lang='lat'><em>²⁹⁵.</em></span> <span class='ocrx_word' id='word_1_264' title='bbox 1507 2944 1536 2998; x_wconf 92' lang='lat' dir='ltr'><em>ln</em></span> <span class='ocrx_word' id='word_1_265' title='bbox 1550 2959 1621 3017; x_wconf 79' lang='lat' dir='ltr'><em>pago</em></span> <span class='ocrx_word' id='word_1_266' title='bbox 1638 2945 1761 3002; x_wconf 65' lang='lat' dir='ltr'><em>aracha.</em></span> 
     </span>
     <span class='ocr_line' id='line_1_26' title="bbox 99 3019 1763 3098; baseline 0.002 -8"><span class='ocrx_word' id='word_1_267' title='bbox 99 3025 176 3080; x_wconf 78' lang='lat' dir='ltr'><em>nefas</em></span> <span class='ocrx_word' id='word_1_268' title='bbox 191 3031 243 3090; x_wconf 85' lang='lat' dir='ltr'><em>est,</em></span> <span class='ocrx_word' id='word_1_269' title='bbox 259 3023 351 3098; x_wconf 79' lang='lat' dir='ltr'><em>gladio</em></span> <span class='ocrx_word' id='word_1_270' title='bbox 377 3021 521 3077; x_wconf 75' lang='lat' dir='ltr'><em>confossus</em></span> <span class='ocrx_word' id='word_1_271' title='bbox 549 3020 662 3085; x_wconf 82' lang='lat' dir='ltr'><em>interiit,</em></span> <span class='ocrx_word' id='word_1_272' title='bbox 683 3019 751 3075; x_wconf 76' lang='lat' dir='ltr'><em>feria</em></span> <span class='ocrx_word' id='word_1_273' title='bbox 767 3020 795 3087; x_wconf 87' lang='lat'><em>5,</em></span> <span class='ocrx_word' id='word_1_274' title='bbox 811 3021 902 3076; x_wconf 81' lang='lat' dir='ltr'><em>ebdo-</em></span> <span class='ocrx_word' id='word_1_275' title='bbox 954 3029 1058 3085; x_wconf 76' lang='lat' dir='ltr'><em>sensis.</em></span> <span class='ocrx_word' id='word_1_276' title='bbox 1074 3028 1132 3083; x_wconf 78' lang='lat' dir='ltr'><em>aar.</em></span> <span class='ocrx_word' id='word_1_277' title='bbox 1149 3028 1211 3083; x_wconf 78' lang='lat' dir='ltr'><em>nan</em></span> <span class='ocrx_word' id='word_1_278' title='bbox 1233 3030 1307 3086; x_wconf 78' lang='lat' dir='ltr'><em>circa</em></span> <span class='ocrx_word' id='word_1_279' title='bbox 1329 3031 1481 3087; x_wconf 77' lang='lat' dir='ltr'><em>tornacum</em></span> <span class='ocrx_word' id='word_1_280' title='bbox 1496 3033 1544 3087; x_wconf 76' lang='lat' dir='ltr'><em>nix</em></span> <span class='ocrx_word' id='word_1_281' title='bbox 1569 3041 1645 3090; x_wconf 80' lang='lat' dir='ltr'><em>sana</em></span> <span class='ocrx_word' id='word_1_282' title='bbox 1661 3035 1763 3093; x_wconf 80' lang='lat' dir='ltr'><em>cecicit</em></span> 
     </span>
     <span class='ocr_line' id='line_1_27' title="bbox 98 3108 1762 3194; baseline 0.001 -17"><span class='ocrx_word' id='word_1_283' title='bbox 98 3113 187 3168; x_wconf 68' lang='lat' dir='ltr'><em>mfldae</em></span> <span class='ocrx_word' id='word_1_284' title='bbox 202 3110 351 3183; x_wconf 66' lang='lat' dir='ltr'><em>paschaiis,</em></span> <span class='ocrx_word' id='word_1_285' title='bbox 367 3111 394 3166; x_wconf 84' lang='lat'><em>7·</em></span> <span class='ocrx_word' id='word_1_286' title='bbox 409 3111 465 3164; x_wconf 63' lang='lat' dir='ltr'><strong>Kal·</strong></span> <span class='ocrx_word' id='word_1_287' title='bbox 482 3110 554 3176; x_wconf 64' lang='lat' dir='ltr'><em>Mili,</em></span> <span class='ocrx_word' id='word_1_288' title='bbox 572 3109 600 3162; x_wconf 92' lang='lat' dir='ltr'><em>in</em></span> <span class='ocrx_word' id='word_1_289' title='bbox 614 3109 724 3163; x_wconf 58' lang='lat' dir='ltr'><em>litiani&amp;</em></span> <span class='ocrx_word' id='word_1_290' title='bbox 740 3108 836 3176; x_wconf 66' lang='lat' dir='ltr'><em>m³i⁰li</em></span> <span class='ocrx_word' id='word_1_291' title='bbox 853 3109 903 3164; x_wconf 74' lang='lat' dir='ltr'><em>Tu·</em></span> <span class='ocrx_word' id='word_1_292' title='bbox 954 3126 983 3174; x_wconf 92' lang='lat' dir='ltr'><em>ut</em></span> <span class='ocrx_word' id='word_1_293' title='bbox 998 3120 1079 3174; x_wconf 88' lang='lat' dir='ltr'><em>etiam</em></span> <span class='ocrx_word' id='word_1_294' title='bbox 1094 3119 1178 3174; x_wconf 87' lang='lat' dir='ltr'><em>silvas</em></span> <span class='ocrx_word' id='word_1_295' title='bbox 1202 3118 1328 3194; x_wconf 82' lang='lat' dir='ltr'><em>fregerit.</em></span> <span class='ocrx_word' id='word_1_296' title='bbox 1353 3119 1446 3175; x_wconf 77' lang='lat' dir='ltr'><em>Mense</em></span> <span class='ocrx_word' id='word_1_297' title='bbox 1473 3120 1595 3194; x_wconf 75' lang='lat' dir='ltr'><em>Augusto</em></span> <span class='ocrx_word' id='word_1_298' title='bbox 1608 3123 1762 3180; x_wconf 78' lang='lat' dir='ltr'><em>balduinus</em></span> 
     </span>
     <span class='ocr_line' id='line_1_28' title="bbox 97 3198 1762 3279; baseline 0.004 -20"><span class='ocrx_word' id='word_1_299' title='bbox 97 3203 251 3260; x_wconf 89' lang='lat' dir='ltr'><em>multuante</em></span> <span class='ocrx_word' id='word_1_300' title='bbox 266 3202 349 3257; x_wconf 86' lang='lat' dir='ltr'><em>etiam</em></span> <span class='ocrx_word' id='word_1_301' title='bbox 366 3201 469 3272; x_wconf 89' lang='lat' dir='ltr'><em>impetu</em></span> <span class='ocrx_word' id='word_1_302' title='bbox 497 3198 620 3254; x_wconf 82' lang='lat' dir='ltr'><em>contusae</em></span> <span class='ocrx_word' id='word_1_303' title='bbox 640 3198 836 3263; x_wconf 88' lang='lat' dir='ltr'><em>multitudinis,</em></span> <span class='ocrx_word' id='word_1_304' title='bbox 852 3199 901 3254; x_wconf 94' lang='lat' dir='ltr'><em>do·</em></span> <span class='ocrx_word' id='word_1_305' title='bbox 954 3222 1001 3261; x_wconf 82' lang='lat' dir='ltr'><em>rex</em></span> <span class='ocrx_word' id='word_1_306' title='bbox 1013 3206 1182 3262; x_wconf 80' lang='lat' dir='ltr'><em>iherusalem</em></span> <span class='ocrx_word' id='word_1_307' title='bbox 1199 3222 1260 3261; x_wconf 91' lang='lat' dir='ltr'><em>cum</em></span> <span class='ocrx_word' id='word_1_308' title='bbox 1289 3207 1396 3279; x_wconf 76' lang='lat' dir='ltr'><em>Rogare</em></span> <span class='ocrx_word' id='word_1_309' title='bbox 1415 3206 1566 3264; x_wconf 76' lang='lat' dir='ltr'><em>Antiochiae</em></span> <span class='ocrx_word' id='word_1_310' title='bbox 1581 3210 1683 3266; x_wconf 88' lang='lat' dir='ltr'><em>comite</em></span> <span class='ocrx_word' id='word_1_311' title='bbox 1696 3226 1762 3266; x_wconf 93' lang='lat' dir='ltr'><em>con-</em></span> 
     </span>
     <span class='ocr_line' id='line_1_29' title="bbox 98 3263 1761 3373; baseline -0.003 -23"><span class='ocrx_word' id='word_1_312' title='bbox 98 3311 159 3351; x_wconf 90' lang='lat' dir='ltr'><em>mus</em></span> <span class='ocrx_word' id='word_1_313' title='bbox 174 3293 296 3367; x_wconf 90' lang='lat' dir='ltr'><em>episcopi</em></span> <span class='ocrx_word' id='word_1_314' title='bbox 325 3292 513 3348; x_wconf 85' lang='lat' dir='ltr'><em>succenditur.</em></span> <span class='ocrx_word' id='word_1_315' title='bbox 540 3290 616 3345; x_wconf 90' lang='lat' dir='ltr'><em>Unde</em></span> <span class='ocrx_word' id='word_1_316' title='bbox 644 3263 1111 3362; x_wconf 67' lang='lat' dir='ltr'><em>etiamipsamatercsraTuroos</em></span> <span class='ocrx_word' id='word_1_317' title='bbox 1136 3297 1220 3354; x_wconf 78' lang='lat' dir='ltr'><em>vadit,</em></span> <span class='ocrx_word' id='word_1_318' title='bbox 1249 3295 1303 3352; x_wconf 78' lang='lat' dir='ltr'><em>Sed</em></span> <span class='ocrx_word' id='word_1_319' title='bbox 1331 3313 1393 3353; x_wconf 78' lang='lat' dir='ltr'><em>cum</em></span> <span class='ocrx_word' id='word_1_320' title='bbox 1421 3298 1761 3373; x_wconf 59' lang='lat' dir='ltr'><em>Rogatuscumexercpu</em></span> 
     </span>
     <span class='ocr_line' id='line_1_30' title="bbox 97 3386 1761 3460; baseline 0.001 -14"><span class='ocrx_word' id='word_1_321' title='bbox 97 3390 223 3446; x_wconf 82' lang='lat' dir='ltr'><em>aecclesia</em></span> <span class='ocrx_word' id='word_1_322' title='bbox 233 3395 335 3445; x_wconf 83' lang='lat' dir='ltr'><em>sancta</em></span> <span class='ocrx_word' id='word_1_323' title='bbox 364 3387 463 3453; x_wconf 77' lang='lat' dir='ltr'><em>bieria,</em></span> <span class='ocrx_word' id='word_1_324' title='bbox 486 3394 513 3441; x_wconf 90' lang='lat' dir='ltr'><em>et</em></span> <span class='ocrx_word' id='word_1_325' title='bbox 528 3386 652 3442; x_wconf 80' lang='lat' dir='ltr'><em>¹aeclesia</em></span> <span class='ocrx_word' id='word_1_326' title='bbox 666 3387 754 3443; x_wconf 90' lang='lat' dir='ltr'><em>sancti</em></span> <span class='ocrx_word' id='word_1_327' title='bbox 769 3386 902 3442; x_wconf 86' lang='lat' dir='ltr'><em>lobannis</em></span> <span class='ocrx_word' id='word_1_328' title='bbox 952 3405 1001 3444; x_wconf 92' lang='lat' dir='ltr'><em>suo</em></span> <span class='ocrx_word' id='word_1_329' title='bbox 1011 3389 1089 3458; x_wconf 84' lang='lat' dir='ltr'><em>juxta</em></span> <span class='ocrx_word' id='word_1_330' title='bbox 1103 3388 1241 3460; x_wconf 88' lang='lat' dir='ltr'><em>quendam</em></span> <span class='ocrx_word' id='word_1_331' title='bbox 1255 3387 1368 3443; x_wconf 80' lang='lat' dir='ltr'><em>fluvium</em></span> <span class='ocrx_word' id='word_1_332' title='bbox 1382 3389 1541 3454; x_wconf 86' lang='lat' dir='ltr'><em>resedisset,</em></span> <span class='ocrx_word' id='word_1_333' title='bbox 1566 3406 1612 3446; x_wconf 86' lang='lat' dir='ltr'><em>rex</em></span> <span class='ocrx_word' id='word_1_334' title='bbox 1624 3407 1687 3448; x_wconf 90' lang='lat' dir='ltr'><em>eum</em></span> <span class='ocrx_word' id='word_1_335' title='bbox 1704 3393 1761 3449; x_wconf 88' lang='lat' dir='ltr'><em>suis</em></span> 
     </span>
     <span class='ocr_line' id='line_1_31' title="bbox 98 3481 1758 3557; baseline 0.002 -18"><span class='ocrx_word' id='word_1_336' title='bbox 98 3484 224 3557; x_wconf 72' lang='lat' dir='ltr'><em>baptistas</em></span> <span class='ocrx_word' id='word_1_337' title='bbox 239 3485 267 3539; x_wconf 92' lang='lat' dir='ltr'><em>in</em></span> <span class='ocrx_word' id='word_1_338' title='bbox 282 3483 392 3540; x_wconf 88' lang='lat' dir='ltr'><em>abbatia</em></span> <span class='ocrx_word' id='word_1_339' title='bbox 416 3481 590 3550; x_wconf 87' lang='lat' dir='ltr'><em>monialium,</em></span> <span class='ocrx_word' id='word_1_340' title='bbox 618 3498 681 3537; x_wconf 91' lang='lat' dir='ltr'><em>cum</em></span> <span class='ocrx_word' id='word_1_341' title='bbox 692 3481 754 3536; x_wconf 87' lang='lat' dir='ltr'><em>aliis</em></span> <span class='ocrx_word' id='word_1_342' title='bbox 768 3481 902 3536; x_wconf 77' lang='lat' dir='ltr'><em>aeclesiis</em></span> <span class='ocrx_word' id='word_1_343' title='bbox 953 3484 1103 3555; x_wconf 86' lang='lat' dir='ltr'><em>processit,</em></span> <span class='ocrx_word' id='word_1_344' title='bbox 1149 3491 1179 3538; x_wconf 93' lang='lat' dir='ltr'><em>ut</em></span> <span class='ocrx_word' id='word_1_345' title='bbox 1211 3483 1357 3539; x_wconf 88' lang='lat' dir='ltr'><em>adventum</em></span> <span class='ocrx_word' id='word_1_346' title='bbox 1405 3483 1555 3539; x_wconf 81' lang='lat' dir='ltr'><em>lurcorum</em></span> <span class='ocrx_word' id='word_1_347' title='bbox 1593 3486 1758 3557; x_wconf 80' lang='lat' dir='ltr'><em>exploraret.</em></span> 
     </span>
     <span class='ocr_line' id='line_1_32' title="bbox 96 3574 1757 3648; baseline 0.001 -16"><span class='ocrx_word' id='word_1_348' title='bbox 96 3577 359 3633; x_wconf 88' lang='lat' dir='ltr'><em>omnibusevicino</em></span> <span class='ocrx_word' id='word_1_349' title='bbox 375 3574 599 3647; x_wconf 86' lang='lat' dir='ltr'><em>appendentibus</em></span> <span class='ocrx_word' id='word_1_350' title='bbox 625 3584 845 3630; x_wconf 86' lang='lat' dir='ltr'><em>concremantur.</em></span> <span class='ocrx_word' id='word_1_351' title='bbox 872 3575 901 3628; x_wconf 89' lang='lat' dir='ltr'><em>ln</em></span> <span class='ocrx_word' id='word_1_352' title='bbox 952 3576 1032 3632; x_wconf 82' lang='lat' dir='ltr'><em>larci</em></span> <span class='ocrx_word' id='word_1_353' title='bbox 1058 3591 1123 3633; x_wconf 86' lang='lat' dir='ltr'><em>vero</em></span> <span class='ocrx_word' id='word_1_354' title='bbox 1148 3587 1269 3632; x_wconf 89' lang='lat' dir='ltr'><em>montem</em></span> <span class='ocrx_word' id='word_1_355' title='bbox 1309 3575 1448 3647; x_wconf 88' lang='lat' dir='ltr'><em>quendam</em></span> <span class='ocrx_word' id='word_1_356' title='bbox 1481 3586 1694 3648; x_wconf 86' lang='lat' dir='ltr'><em>occupaverant,</em></span> <span class='ocrx_word' id='word_1_357' title='bbox 1729 3580 1757 3634; x_wconf 94' lang='lat' dir='ltr'><em>in</em></span> 
     </span>
     <span class='ocr_line' id='line_1_33' title="bbox 96 3665 1754 3743; baseline -0.001 -17"><span class='ocrx_word' id='word_1_358' title='bbox 96 3669 417 3727; x_wconf 87' lang='lat' dir='ltr'><em>auctoresseditionisa</em></span> <span class='ocrx_word' id='word_1_359' title='bbox 444 3683 508 3743; x_wconf 81' lang='lat' dir='ltr'><em>rege</em></span> <span class='ocrx_word' id='word_1_360' title='bbox 531 3667 694 3723; x_wconf 85' lang='lat' dir='ltr'><em>Francorum</em></span> <span class='ocrx_word' id='word_1_361' title='bbox 722 3675 776 3722; x_wconf 88' lang='lat' dir='ltr'><em>tam</em></span> <span class='ocrx_word' id='word_1_362' title='bbox 805 3681 901 3721; x_wconf 89' lang='lat' dir='ltr'><em>severe</em></span> <span class='ocrx_word' id='word_1_363' title='bbox 952 3684 1007 3741; x_wconf 88' lang='lat' dir='ltr'><em>quo</em></span> <span class='ocrx_word' id='word_1_364' title='bbox 1036 3668 1151 3723; x_wconf 87' lang='lat' dir='ltr'><em>insidias</em></span> <span class='ocrx_word' id='word_1_365' title='bbox 1174 3683 1224 3738; x_wconf 92' lang='lat' dir='ltr'><em>per</em></span> <span class='ocrx_word' id='word_1_366' title='bbox 1244 3676 1362 3738; x_wconf 88' lang='lat' dir='ltr'><em>quatuor</em></span> <span class='ocrx_word' id='word_1_367' title='bbox 1391 3665 1452 3723; x_wconf 87' lang='lat' dir='ltr'><em>loca</em></span> <span class='ocrx_word' id='word_1_368' title='bbox 1474 3667 1690 3734; x_wconf 79' lang='lat' dir='ltr'><em>collocaverant,</em></span> <span class='ocrx_word' id='word_1_369' title='bbox 1726 3670 1754 3725; x_wconf 90' lang='lat' dir='ltr'><em>in</em></span> 
     </span>
    </p>
   </div>
   <div class='ocr_carea' id='block_1_7' title="bbox 94 3754 1761 4368">
    <p class='ocr_par' dir='ltr' id='par_1_7' title="bbox 94 3754 1761 4368">
     <span class='ocr_line' id='line_1_34' title="bbox 96 3754 1759 3830; baseline -0.002 -13"><span class='ocrx_word' id='word_1_370' title='bbox 96 3769 138 3818; x_wconf 88' lang='lat' dir='ltr'><em>est</em></span> <span class='ocrx_word' id='word_1_371' title='bbox 153 3762 322 3817; x_wconf 83' lang='lat' dir='ltr'><em>vindicatum</em></span> <span class='ocrx_word' id='word_1_372' title='bbox 349 3767 379 3815; x_wconf 91' lang='lat' dir='ltr'><em>ut</em></span> <span class='ocrx_word' id='word_1_373' title='bbox 394 3767 448 3814; x_wconf 79' lang='lat' dir='ltr'><em>mm</em></span> <span class='ocrx_word' id='word_1_374' title='bbox 459 3765 601 3830; x_wconf 85' lang='lat' dir='ltr'><em>presentes</em></span> <span class='ocrx_word' id='word_1_375' title='bbox 615 3775 696 3830; x_wconf 86' lang='lat' dir='ltr'><em>quam</em></span> <span class='ocrx_word' id='word_1_376' title='bbox 713 3757 819 3814; x_wconf 86' lang='lat' dir='ltr'><em>iuturus</em></span> <span class='ocrx_word' id='word_1_377' title='bbox 836 3758 901 3812; x_wconf 86' lang='lat' dir='ltr'><em>asi·</em></span> <span class='ocrx_word' id='word_1_378' title='bbox 951 3757 1069 3830; x_wconf 80' lang='lat' dir='ltr'><em>singulis</em></span> <span class='ocrx_word' id='word_1_379' title='bbox 1084 3754 1193 3810; x_wconf 88' lang='lat' dir='ltr'><em>insidiis</em></span> <span class='ocrx_word' id='word_1_380' title='bbox 1208 3761 1336 3826; x_wconf 89' lang='lat' dir='ltr'><em>quattuor</em></span> <span class='ocrx_word' id='word_1_381' title='bbox 1359 3754 1435 3809; x_wconf 88' lang='lat' dir='ltr'><em>milia</em></span> <span class='ocrx_word' id='word_1_382' title='bbox 1464 3756 1589 3826; x_wconf 87' lang='lat' dir='ltr'><em>equitum</em></span> <span class='ocrx_word' id='word_1_383' title='bbox 1605 3756 1759 3827; x_wconf 84' lang='lat' dir='ltr'><em>deputave-</em></span> 
     </span>
     <span class='ocr_line' id='line_1_35' title="bbox 96 3845 1761 3919; baseline 0.001 -15"><span class='ocrx_word' id='word_1_384' title='bbox 96 3849 157 3904; x_wconf 88' lang='lat' dir='ltr'><em>mili</em></span> <span class='ocrx_word' id='word_1_385' title='bbox 174 3849 280 3904; x_wconf 87' lang='lat' dir='ltr'><em>scelere</em></span> <span class='ocrx_word' id='word_1_386' title='bbox 293 3848 433 3902; x_wconf 86' lang='lat' dir='ltr'><em>deterrere</em></span> <span class='ocrx_word' id='word_1_387' title='bbox 458 3846 544 3917; x_wconf 86' lang='lat' dir='ltr'><em>possit</em></span> <span class='ocrx_word' id='word_1_388' title='bbox 566 3845 723 3916; x_wconf 86' lang='lat' dir='ltr'><em>exemplum</em></span> <span class='ocrx_word' id='word_1_389' title='bbox 746 3847 789 3899; x_wconf 77' lang='lat'><em>²⁹¹.</em></span> <span class='ocrx_word' id='word_1_390' title='bbox 807 3845 900 3901; x_wconf 77' lang='lat' dir='ltr'><em>ilcnso</em></span> <span class='ocrx_word' id='word_1_391' title='bbox 951 3857 1012 3904; x_wconf 88' lang='lat' dir='ltr'><em>rant</em></span> <span class='ocrx_word' id='word_1_392' title='bbox 1027 3867 1034 3913; x_wconf 91' lang='grc'>;</span> <span class='ocrx_word' id='word_1_393' title='bbox 1049 3864 1064 3902; x_wconf 90' lang='lat' dir='ltr'><em>a</em></span> <span class='ocrx_word' id='word_1_394' title='bbox 1082 3847 1184 3919; x_wconf 89' lang='lat' dir='ltr'><em>quibus</em></span> <span class='ocrx_word' id='word_1_395' title='bbox 1198 3862 1232 3901; x_wconf 87' lang='lat' dir='ltr'><em>ex</em></span> <span class='ocrx_word' id='word_1_396' title='bbox 1255 3847 1394 3916; x_wconf 88' lang='lat' dir='ltr'><em>insperato</em></span> <span class='ocrx_word' id='word_1_397' title='bbox 1410 3861 1457 3902; x_wconf 83' lang='lat' dir='ltr'><em>rex</em></span> <span class='ocrx_word' id='word_1_398' title='bbox 1485 3846 1611 3918; x_wconf 89' lang='lat' dir='ltr'><em>undiquc</em></span> <span class='ocrx_word' id='word_1_399' title='bbox 1638 3847 1761 3906; x_wconf 89' lang='lat' dir='ltr'><em>interce-</em></span> 
     </span>
     <span class='ocr_line' id='line_1_36' title="bbox 96 3934 1756 4013; baseline -0.002 -17"><span class='ocrx_word' id='word_1_400' title='bbox 96 3942 165 3997; x_wconf 86' lang='lat' dir='ltr'><em>ltlaio</em></span> <span class='ocrx_word' id='word_1_401' title='bbox 178 3941 303 4013; x_wconf 76' lang='lat' dir='ltr'><em>sigilines</em></span> <span class='ocrx_word' id='word_1_402' title='bbox 311 3946 338 3993; x_wconf 89' lang='lat' dir='ltr'><em>et</em></span> <span class='ocrx_word' id='word_1_403' title='bbox 352 3939 464 3994; x_wconf 88' lang='lat' dir='ltr'><em>arbores</em></span> <span class='ocrx_word' id='word_1_404' title='bbox 477 3953 554 3994; x_wconf 88' lang='lat' dir='ltr'><em>sacro</em></span> <span class='ocrx_word' id='word_1_405' title='bbox 571 3939 634 4013; x_wconf 78' lang='lat' dir='ltr'><em>igne</em></span> <span class='ocrx_word' id='word_1_406' title='bbox 661 3939 775 4004; x_wconf 71' lang='lat' dir='ltr'><em>adustus,</em></span> <span class='ocrx_word' id='word_1_407' title='bbox 793 3937 898 3994; x_wconf 78' lang='lat' dir='ltr'><em>fructus</em></span> <span class='ocrx_word' id='word_1_408' title='bbox 949 3935 1095 4009; x_wconf 88' lang='lat' dir='ltr'><em>ptusmille</em></span> <span class='ocrx_word' id='word_1_409' title='bbox 1111 3935 1272 4009; x_wconf 82' lang='lat' dir='ltr'><em>quingentis</em></span> <span class='ocrx_word' id='word_1_410' title='bbox 1285 3950 1396 3989; x_wconf 90' lang='lat' dir='ltr'><em>suarum</em></span> <span class='ocrx_word' id='word_1_411' title='bbox 1424 3934 1587 4001; x_wconf 85' lang='lat' dir='ltr'><em>interiectis,</em></span> <span class='ocrx_word' id='word_1_412' title='bbox 1602 3936 1756 3993; x_wconf 87' lang='lat' dir='ltr'><em>miserabili</em></span> 
     </span>
     <span class='ocr_line' id='line_1_37' title="bbox 94 4026 1757 4102; baseline 0.001 -17"><span class='ocrx_word' id='word_1_413' title='bbox 94 4030 136 4085; x_wconf 89' lang='lat' dir='ltr'><em>sui</em></span> <span class='ocrx_word' id='word_1_414' title='bbox 157 4045 234 4101; x_wconf 88' lang='lat' dir='ltr'><em>spem</em></span> <span class='ocrx_word' id='word_1_415' title='bbox 249 4034 313 4084; x_wconf 89' lang='lat' dir='ltr'><em>sunt</em></span> <span class='ocrx_word' id='word_1_416' title='bbox 325 4027 448 4082; x_wconf 80' lang='lat' dir='ltr'><em>mentitae</em></span> <span class='ocrx_word' id='word_1_417' title='bbox 465 4045 471 4080; x_wconf 91' lang='lat'>:</span> <span class='ocrx_word' id='word_1_418' title='bbox 489 4032 516 4080; x_wconf 92' lang='lat' dir='ltr'><em>et</em></span> <span class='ocrx_word' id='word_1_419' title='bbox 539 4026 668 4097; x_wconf 75' lang='lat' dir='ltr'><em>quiedam</em></span> <span class='ocrx_word' id='word_1_420' title='bbox 696 4026 771 4081; x_wconf 76' lang='lat' dir='ltr'><em>siluae</em></span> <span class='ocrx_word' id='word_1_421' title='bbox 785 4027 898 4099; x_wconf 87' lang='lat' dir='ltr'><em>insuper</em></span> <span class='ocrx_word' id='word_1_422' title='bbox 948 4029 1012 4102; x_wconf 83' lang='lat' dir='ltr'><em>luga</em></span> <span class='ocrx_word' id='word_1_423' title='bbox 1026 4034 1067 4083; x_wconf 90' lang='lat' dir='ltr'><em>est</em></span> <span class='ocrx_word' id='word_1_424' title='bbox 1086 4027 1229 4082; x_wconf 89' lang='lat' dir='ltr'><em>liberatus.</em></span> <span class='ocrx_word' id='word_1_425' title='bbox 1255 4026 1416 4082; x_wconf 74' lang='lat' dir='ltr'><em>elscalonitae</em></span> <span class='ocrx_word' id='word_1_426' title='bbox 1443 4035 1645 4102; x_wconf 82' lang='lat' dir='ltr'><em>cognoscentes</em></span> <span class='ocrx_word' id='word_1_427' title='bbox 1656 4028 1757 4086; x_wconf 86' lang='lat' dir='ltr'><em>abesse</em></span> 
     </span>
     <span class='ocr_line' id='line_1_38' title="bbox 95 4115 1758 4193; baseline 0.002 -21"><span class='ocrx_word' id='word_1_428' title='bbox 95 4116 229 4173; x_wconf 86' lang='lat' dir='ltr'><em>arelactae.</em></span> <span class='ocrx_word' id='word_1_429' title='bbox 240 4116 391 4172; x_wconf 80' lang='lat' dir='ltr'><em>subsecuta</em></span> <span class='ocrx_word' id='word_1_430' title='bbox 407 4123 449 4169; x_wconf 92' lang='lat' dir='ltr'><em>est</em></span> <span class='ocrx_word' id='word_1_431' title='bbox 464 4115 606 4170; x_wconf 91' lang='lat' dir='ltr'><em>bominum</em></span> <span class='ocrx_word' id='word_1_432' title='bbox 621 4115 749 4172; x_wconf 82' lang='lat' dir='ltr'><em>valetudo</em></span> <span class='ocrx_word' id='word_1_433' title='bbox 765 4117 855 4191; x_wconf 82' lang='lat' dir='ltr'><em>gravis</em></span> <span class='ocrx_word' id='word_1_434' title='bbox 870 4125 897 4171; x_wconf 92' lang='lat' dir='ltr'><em>et</em></span> <span class='ocrx_word' id='word_1_435' title='bbox 948 4136 1041 4193; x_wconf 73' lang='lat' dir='ltr'><em>regem</em></span> <span class='ocrx_word' id='word_1_436' title='bbox 1052 4117 1380 4191; x_wconf 83' lang='lat' dir='ltr'><em>balduinum,cumgraui</em></span> <span class='ocrx_word' id='word_1_437' title='bbox 1393 4117 1758 4176; x_wconf 78' lang='lat' dir='ltr'><em>multitudineiberusalem</em></span> 
     </span>
     <span class='ocr_line' id='line_1_39' title="bbox 94 4203 1757 4278; baseline 0.004 -19"><span class='ocrx_word' id='word_1_438' title='bbox 94 4204 234 4273; x_wconf 90' lang='lat' dir='ltr'><em>diuturna,</em></span> <span class='ocrx_word' id='word_1_439' title='bbox 246 4203 897 4276; x_wconf 78' lang='lat' dir='ltr'><em>cumprotluviotentrisetmortalitata²⁰²,ltorn·</em></span> <span class='ocrx_word' id='word_1_440' title='bbox 947 4207 1095 4274; x_wconf 87' lang='lat' dir='ltr'><em>assiliunt;</em></span> <span class='ocrx_word' id='word_1_441' title='bbox 1114 4207 1164 4261; x_wconf 87' lang='lat' dir='ltr'><em>scd</em></span> <span class='ocrx_word' id='word_1_442' title='bbox 1178 4221 1234 4261; x_wconf 91' lang='lat' dir='ltr'><em>non</em></span> <span class='ocrx_word' id='word_1_443' title='bbox 1263 4206 1437 4275; x_wconf 78' lang='lat' dir='ltr'><em>prevalentes</em></span> <span class='ocrx_word' id='word_1_444' title='bbox 1451 4212 1547 4261; x_wconf 90' lang='lat' dir='ltr'><em>contra</em></span> <span class='ocrx_word' id='word_1_445' title='bbox 1561 4221 1634 4273; x_wconf 89' lang='lat' dir='ltr'><em>eam,</em></span> <span class='ocrx_word' id='word_1_446' title='bbox 1651 4216 1757 4278; x_wconf 89' lang='lat' dir='ltr'><em>partem</em></span> 
     </span>
     <span class='ocr_line' id='line_1_40' title="bbox 95 4293 1758 4368; baseline 0.002 -19"><span class='ocrx_word' id='word_1_447' title='bbox 95 4310 145 4349; x_wconf 85' lang='lat' dir='ltr'><em>nus</em></span> <span class='ocrx_word' id='word_1_448' title='bbox 165 4293 509 4367; x_wconf 61' lang='lat' dir='ltr'><em>sigebertusncnerabilis</em></span> <span class='ocrx_word' id='word_1_449' title='bbox 526 4294 677 4348; x_wconf 87' lang='lat' dir='ltr'><em>monachus</em></span> <span class='ocrx_word' id='word_1_450' title='bbox 693 4294 898 4351; x_wconf 79' lang='lat' dir='ltr'><em>llemblarensis</em></span> <span class='ocrx_word' id='word_1_451' title='bbox 948 4296 1081 4352; x_wconf 77' lang='lat' dir='ltr'><em>eecclesiae</em></span> <span class='ocrx_word' id='word_1_452' title='bbox 1094 4294 1180 4350; x_wconf 91' lang='lat' dir='ltr'><em>sancti</em></span> <span class='ocrx_word' id='word_1_453' title='bbox 1196 4294 1339 4365; x_wconf 85' lang='lat' dir='ltr'><em>Stephani,</em></span> <span class='ocrx_word' id='word_1_454' title='bbox 1360 4302 1436 4350; x_wconf 84' lang='lat' dir='ltr'><em>extra</em></span> <span class='ocrx_word' id='word_1_455' title='bbox 1453 4294 1592 4350; x_wconf 87' lang='lat' dir='ltr'><em>civitatem</em></span> <span class='ocrx_word' id='word_1_456' title='bbox 1622 4294 1670 4351; x_wconf 89' lang='lat' dir='ltr'><em>ubi</em></span> <span class='ocrx_word' id='word_1_457' title='bbox 1685 4297 1758 4368; x_wconf 92' lang='lat' dir='ltr'><em>lapi·</em></span> 
     </span>
    </p>
   </div>
   <div class='ocr_carea' id='block_1_8' title="bbox 768 4421 1080 4478">
    <p class='ocr_par' dir='ltr' id='par_1_8' title="bbox 768 4421 1080 4478">
     <span class='ocr_line' id='line_1_41' title="bbox 768 4421 1080 4478; baseline -0.006 -2"><span class='ocrx_word' id='word_1_458' title='bbox 768 4423 877 4477; x_wconf 77' lang='lat' dir='ltr'><strong>VARIAE</strong></span> <span class='ocrx_word' id='word_1_459' title='bbox 892 4421 1080 4478; x_wconf 79' lang='lat' dir='ltr'><em>LECFIONES.</em></span> 
     </span>
    </p>
   </div>
   <div class='ocr_carea' id='block_1_9' title="bbox 86 4507 1758 5655">
    <p class='ocr_par' dir='ltr' id='par_1_9' title="bbox 86 4507 1758 5655">
     <span class='ocr_line' id='line_1_42' title="bbox 129 4507 1758 4603; baseline -0.001 -14"><span class='ocrx_word' id='word_1_460' title='bbox 129 4537 161 4571; x_wconf 74' lang='lat'><em>²⁸⁷</em></span> <span class='ocrx_word' id='word_1_461' title='bbox 176 4539 223 4591; x_wconf 89' lang='lat' dir='ltr'><em>llic</em></span> <span class='ocrx_word' id='word_1_462' title='bbox 233 4536 333 4590; x_wconf 82' lang='lat' dir='ltr'><em>desinit</em></span> <span class='ocrx_word' id='word_1_463' title='bbox 339 4537 369 4588; x_wconf 89' lang='lat' dir='ltr'><em>in</em></span> <span class='ocrx_word' id='word_1_464' title='bbox 384 4536 407 4588; x_wconf 89' lang='lat' dir='ltr'><em>l.</em></span> <span class='ocrx_word' id='word_1_465' title='bbox 424 4537 455 4588; x_wconf 90' lang='lat' dir='ltr'><em>in</em></span> <span class='ocrx_word' id='word_1_466' title='bbox 469 4534 558 4588; x_wconf 79' lang='lat' dir='ltr'><em>necata</em></span> <span class='ocrx_word' id='word_1_467' title='bbox 572 4535 674 4603; x_wconf 78' lang='lat' dir='ltr'><em>popina</em></span> <span class='ocrx_word' id='word_1_468' title='bbox 689 4549 794 4595; x_wconf 78' lang='lat' dir='ltr'><em>enarras,</em></span> <span class='ocrx_word' id='word_1_469' title='bbox 804 4549 864 4603; x_wconf 78' lang='lat' dir='ltr'><em>qua</em></span> <span class='ocrx_word' id='word_1_470' title='bbox 878 4534 1199 4603; x_wconf 77' lang='lat' dir='ltr'><em>praeimaantecectentia</em></span> <span class='ocrx_word' id='word_1_471' title='bbox 1210 4532 1297 4586; x_wconf 80' lang='lat' dir='ltr'><em>iridea</em></span> <span class='ocrx_word' id='word_1_472' title='bbox 1311 4532 1381 4597; x_wconf 81' lang='lat' dir='ltr'><em>Quid</em></span> <span class='ocrx_word' id='word_1_473' title='bbox 1396 4533 1439 4587; x_wconf 80' lang='lat' dir='ltr'><em>vel</em></span> <span class='ocrx_word' id='word_1_474' title='bbox 1454 4530 1593 4603; x_wconf 87' lang='lat' dir='ltr'><em>quomodo</em></span> <span class='ocrx_word' id='word_1_475' title='bbox 1607 4507 1758 4601; x_wconf 70' lang='lat' dir='ltr'><em>scripsern‘</em></span> 
     </span>
     <span class='ocr_line' id='line_1_43' title="bbox 92 4603 1753 4674; baseline -0.001 -13"><span class='ocrx_word' id='word_1_476' title='bbox 92 4607 281 4662; x_wconf 76' lang='lat' dir='ltr'><em>orniciaNalto</em></span> <span class='ocrx_word' id='word_1_477' title='bbox 292 4608 539 4674; x_wconf 83' lang='lat' dir='ltr'><em>spaliointermissa</em></span> <span class='ocrx_word' id='word_1_478' title='bbox 553 4605 596 4658; x_wconf 84' lang='lat' dir='ltr'><em>ln&#39;s</em></span> <span class='ocrx_word' id='word_1_479' title='bbox 616 4607 709 4658; x_wconf 85' lang='lat' dir='ltr'><em>statim</em></span> <span class='ocrx_word' id='word_1_480' title='bbox 724 4604 854 4673; x_wconf 75' lang='lat' dir='ltr'><em>adjurspit</em></span> <span class='ocrx_word' id='word_1_481' title='bbox 868 4609 1020 4674; x_wconf 80' lang='lat' dir='ltr'><em>sequentem</em></span> <span class='ocrx_word' id='word_1_482' title='bbox 1044 4619 1142 4659; x_wconf 79' lang='lat' dir='ltr'><em>antium</em></span> <span class='ocrx_word' id='word_1_483' title='bbox 1157 4604 1213 4658; x_wconf 78' lang='lat' dir='ltr'><em>lieo</em></span> <span class='ocrx_word' id='word_1_484' title='bbox 1241 4603 1373 4673; x_wconf 81' lang='lat' dir='ltr'><em>peccatis,</em></span> <span class='ocrx_word' id='word_1_485' title='bbox 1393 4609 1448 4658; x_wconf 91' lang='lat' dir='ltr'><em>etc.</em></span> <span class='ocrx_word' id='word_1_486' title='bbox 1478 4617 1574 4657; x_wconf 77' lang='lat' dir='ltr'><em>mantes</em></span> <span class='ocrx_word' id='word_1_487' title='bbox 1586 4603 1671 4672; x_wconf 80' lang='lat' dir='ltr'><em>pcata</em></span> <span class='ocrx_word' id='word_1_488' title='bbox 1685 4605 1753 4667; x_wconf 81' lang='lat' dir='ltr'><em>alia,</em></span> 
     </span>
     <span class='ocr_line' id='line_1_44' title="bbox 92 4674 1756 4746; baseline -0.001 -15"><span class='ocrx_word' id='word_1_489' title='bbox 92 4693 151 4746; x_wconf 83' lang='lat' dir='ltr'><em>qnae</em></span> <span class='ocrx_word' id='word_1_490' title='bbox 169 4682 209 4730; x_wconf 89' lang='lat' dir='ltr'><em>est</em></span> <span class='ocrx_word' id='word_1_491' title='bbox 221 4677 347 4730; x_wconf 78' lang='lat' dir='ltr'><em>rlnsetmi.</em></span> <span class='ocrx_word' id='word_1_492' title='bbox 368 4677 477 4745; x_wconf 83' lang='lat' dir='ltr'><em>ltetiqai</em></span> <span class='ocrx_word' id='word_1_493' title='bbox 491 4691 597 4746; x_wconf 66' lang='lat' dir='ltr'><em>qnoque</em></span> <span class='ocrx_word' id='word_1_494' title='bbox 609 4677 711 4730; x_wconf 87' lang='lat' dir='ltr'><em>codices</em></span> <span class='ocrx_word' id='word_1_495' title='bbox 731 4691 818 4731; x_wconf 80' lang='lat' dir='ltr'><em>amites</em></span> <span class='ocrx_word' id='word_1_496' title='bbox 834 4677 889 4730; x_wconf 83' lang='lat' dir='ltr'><em>bae</em></span> <span class='ocrx_word' id='word_1_497' title='bbox 900 4675 1073 4731; x_wconf 79' lang='lat' dir='ltr'><em>itaeccltibcnt</em></span> <span class='ocrx_word' id='word_1_498' title='bbox 1088 4675 1231 4744; x_wconf 78' lang='lat' dir='ltr'><em>eoocjancta</em></span> <span class='ocrx_word' id='word_1_499' title='bbox 1251 4680 1291 4740; x_wconf 77' lang='lat' dir='ltr'><em>,rt</em></span> <span class='ocrx_word' id='word_1_500' title='bbox 1304 4674 1480 4744; x_wconf 83' lang='lat' dir='ltr'><em>qaiAnsctmi</em></span> <span class='ocrx_word' id='word_1_501' title='bbox 1498 4676 1698 4729; x_wconf 83' lang='lat' dir='ltr'><em>roetttnaatione</em></span> <span class='ocrx_word' id='word_1_502' title='bbox 1709 4690 1756 4730; x_wconf 90' lang='lat' dir='ltr'><em>ca-</em></span> 
     </span>
     <span class='ocr_line' id='line_1_45' title="bbox 91 4746 1744 4815; baseline 0.001 -15"><span class='ocrx_word' id='word_1_503' title='bbox 91 4752 161 4812; x_wconf 87' lang='lat' dir='ltr'><em>rent,</em></span> <span class='ocrx_word' id='word_1_504' title='bbox 176 4747 221 4800; x_wconf 81' lang='lat' dir='ltr'><em>et.</em></span> <span class='ocrx_word' id='word_1_505' title='bbox 234 4747 280 4799; x_wconf 59' lang='lat' dir='ltr'><em>it.</em></span> <span class='ocrx_word' id='word_1_506' title='bbox 297 4747 323 4800; x_wconf 87' lang='grc'><em>3.</em></span> <span class='ocrx_word' id='word_1_507' title='bbox 344 4746 387 4800; x_wconf 59' lang='lat' dir='ltr'><em>Fi.</em></span> <span class='ocrx_word' id='word_1_508' title='bbox 404 4748 429 4800; x_wconf 77' lang='grc' dir='ltr'><em>ὅ.</em></span> <span class='ocrx_word' id='word_1_509' title='bbox 444 4749 473 4800; x_wconf 86' lang='lat' dir='ltr'><em>b.</em></span> <span class='ocrx_word' id='word_1_510' title='bbox 490 4749 617 4801; x_wconf 77' lang='lat' dir='ltr'><em>desistant</em></span> <span class='ocrx_word' id='word_1_511' title='bbox 633 4751 722 4801; x_wconf 89' lang='lat' dir='ltr'><em>tamen</em></span> <span class='ocrx_word' id='word_1_512' title='bbox 732 4749 761 4800; x_wconf 89' lang='lat' dir='ltr'><em>in</em></span> <span class='ocrx_word' id='word_1_513' title='bbox 775 4752 860 4800; x_wconf 90' lang='lat' dir='ltr'><em>marte</em></span> <span class='ocrx_word' id='word_1_514' title='bbox 875 4747 983 4801; x_wconf 75' lang='lat' dir='ltr'><em>damaim</em></span> <span class='ocrx_word' id='word_1_515' title='bbox 997 4747 1139 4814; x_wconf 77' lang='lat' dir='ltr'><em>Sipeberti.</em></span> <span class='ocrx_word' id='word_1_516' title='bbox 1157 4747 1198 4813; x_wconf 71' lang='lat' dir='ltr'><em>Cf.</em></span> <span class='ocrx_word' id='word_1_517' title='bbox 1212 4760 1272 4815; x_wconf 82' lang='lat' dir='ltr'><em>qscte</em></span> <span class='ocrx_word' id='word_1_518' title='bbox 1283 4760 1368 4815; x_wconf 87' lang='lat' dir='ltr'><em>snpra</em></span> <span class='ocrx_word' id='word_1_519' title='bbox 1382 4748 1533 4800; x_wconf 81' lang='lat' dir='ltr'><em>monuimus</em></span> <span class='ocrx_word' id='word_1_520' title='bbox 1545 4747 1744 4812; x_wconf 76' lang='lat' dir='ltr'><em>impensatione</em></span> 
     </span>
     <span class='ocr_line' id='line_1_46' title="bbox 91 4815 1756 4888; baseline 0.001 -17"><span class='ocrx_word' id='word_1_521' title='bbox 91 4818 125 4854; x_wconf 80' lang='lat'><em>²⁸⁸</em></span> <span class='ocrx_word' id='word_1_522' title='bbox 144 4832 268 4872; x_wconf 76' lang='lat' dir='ltr'><em>nannras</em></span> <span class='ocrx_word' id='word_1_523' title='bbox 282 4819 388 4871; x_wconf 86' lang='lat' dir='ltr'><em>uncinis</em></span> <span class='ocrx_word' id='word_1_524' title='bbox 419 4819 536 4872; x_wconf 86' lang='lat' dir='ltr'><em>inclusos</em></span> <span class='ocrx_word' id='word_1_525' title='bbox 560 4821 649 4888; x_wconf 83' lang='lat' dir='ltr'><em>primo</em></span> <span class='ocrx_word' id='word_1_526' title='bbox 673 4818 768 4872; x_wconf 83' lang='lat' dir='ltr'><em>babuit</em></span> <span class='ocrx_word' id='word_1_527' title='bbox 791 4819 945 4874; x_wconf 83' lang='lat' dir='ltr'><em>Ansetmns.</em></span> <span class='ocrx_word' id='word_1_528' title='bbox 972 4816 1025 4873; x_wconf 84' lang='lat' dir='ltr'><em>Sed</em></span> <span class='ocrx_word' id='word_1_529' title='bbox 1044 4818 1086 4880; x_wconf 83' lang='grc' dir='ltr'><em>1η.</em></span> <span class='ocrx_word' id='word_1_530' title='bbox 1103 4832 1145 4871; x_wconf 92' lang='lat' dir='ltr'><em>eos</em></span> <span class='ocrx_word' id='word_1_531' title='bbox 1161 4819 1287 4880; x_wconf 74' lang='lat' dir='ltr'><em>corrosit,</em></span> <span class='ocrx_word' id='word_1_532' title='bbox 1302 4820 1334 4870; x_wconf 87' lang='lat' dir='ltr'><em>nt</em></span> <span class='ocrx_word' id='word_1_533' title='bbox 1360 4816 1558 4871; x_wconf 80' lang='lat' dir='ltr'><em>tresdectimns:</em></span> <span class='ocrx_word' id='word_1_534' title='bbox 1574 4815 1646 4869; x_wconf 86' lang='lat' dir='ltr'><em>idem</em></span> <span class='ocrx_word' id='word_1_535' title='bbox 1655 4816 1756 4872; x_wconf 81' lang='lat' dir='ltr'><em>bobmt</em></span> 
     </span>
     <span class='ocr_line' id='line_1_47' title="bbox 91 4887 1754 4959; baseline 0 -17"><span class='ocrx_word' id='word_1_536' title='bbox 91 4891 189 4959; x_wconf 85' lang='lat' dir='ltr'><em>reliqui</em></span> <span class='ocrx_word' id='word_1_537' title='bbox 202 4894 299 4957; x_wconf 83' lang='lat' dir='ltr'><em>prater</em></span> <span class='ocrx_word' id='word_1_538' title='bbox 314 4888 441 4942; x_wconf 75' lang='lat' dir='ltr'><em>Alsiensis</em></span> <span class='ocrx_word' id='word_1_539' title='bbox 452 4893 477 4943; x_wconf 85' lang='lat' dir='ltr'><em>ee</em></span> <span class='ocrx_word' id='word_1_540' title='bbox 494 4889 546 4943; x_wconf 73' lang='lat'><em>133·</em></span> <span class='ocrx_word' id='word_1_541' title='bbox 557 4892 605 4959; x_wconf 80' lang='lat' dir='ltr'><em>qui</em></span> <span class='ocrx_word' id='word_1_542' title='bbox 619 4904 704 4959; x_wconf 80' lang='lat' dir='ltr'><em>usqne</em></span> <span class='ocrx_word' id='word_1_543' title='bbox 716 4891 860 4944; x_wconf 78' lang='lat' dir='ltr'><em>nannetum</em></span> <span class='ocrx_word' id='word_1_544' title='bbox 873 4889 948 4944; x_wconf 61' lang='lat' dir='ltr'><em>liiii.</em></span> <span class='ocrx_word' id='word_1_545' title='bbox 960 4903 1023 4942; x_wconf 81' lang='lat' dir='ltr'><em>carn</em></span> <span class='ocrx_word' id='word_1_546' title='bbox 1038 4891 1165 4944; x_wconf 84' lang='lat' dir='ltr'><em>Anselrno</em></span> <span class='ocrx_word' id='word_1_547' title='bbox 1177 4889 1256 4954; x_wconf 75' lang='lat' dir='ltr'><em>facit,</em></span> <span class='ocrx_word' id='word_1_548' title='bbox 1270 4889 1472 4957; x_wconf 80' lang='lat' dir='ltr'><em>atqaeinannis</em></span> <span class='ocrx_word' id='word_1_549' title='bbox 1485 4887 1754 4958; x_wconf 73' lang='lat' dir='ltr'><em>cinstsamsemper</em></span> 
     </span>
     <span class='ocr_line' id='line_1_48' title="bbox 90 4957 1753 5027; baseline 0 -12"><span class='ocrx_word' id='word_1_550' title='bbox 90 4959 368 5022; x_wconf 75' lang='lat' dir='ltr'><em>noscuntceedit3sed</em></span> <span class='ocrx_word' id='word_1_551' title='bbox 385 4959 532 5013; x_wconf 85' lang='lat' dir='ltr'><em>indcaba.</em></span> <span class='ocrx_word' id='word_1_552' title='bbox 568 4959 644 5015; x_wconf 76' lang='lat' dir='ltr'><em>tlte.</em></span> <span class='ocrx_word' id='word_1_553' title='bbox 664 4961 803 5015; x_wconf 83' lang='lat' dir='ltr'><em>nobiscum</em></span> <span class='ocrx_word' id='word_1_554' title='bbox 833 4961 913 5027; x_wconf 72' lang='lat' dir='ltr'><em>facit.</em></span> <span class='ocrx_word' id='word_1_555' title='bbox 931 4959 966 4994; x_wconf 74' lang='lat'><em>²⁸⁹</em></span> <span class='ocrx_word' id='word_1_556' title='bbox 993 4966 1130 5013; x_wconf 88' lang='lat' dir='ltr'><em>crematur</em></span> <span class='ocrx_word' id='word_1_557' title='bbox 1156 4959 1210 5011; x_wconf 90' lang='lat' dir='ltr'><em>l.e</em></span> <span class='ocrx_word' id='word_1_558' title='bbox 1235 4963 1397 5013; x_wconf 78' lang='lat' dir='ltr'><em>correctura.</em></span> <span class='ocrx_word' id='word_1_559' title='bbox 1426 4957 1556 5012; x_wconf 86' lang='lat' dir='ltr'><em>blulta—</em></span> <span class='ocrx_word' id='word_1_560' title='bbox 1574 4957 1641 5010; x_wconf 89' lang='lat' dir='ltr'><em>arsit</em></span> <span class='ocrx_word' id='word_1_561' title='bbox 1655 4958 1753 5014; x_wconf 83' lang='lat' dir='ltr'><em>desunt</em></span> 
     </span>
     <span class='ocr_line' id='line_1_49' title="bbox 91 5027 1752 5100; baseline 0.001 -16"><span class='ocrx_word' id='word_1_562' title='bbox 91 5029 502 5087; x_wconf 54' lang='lat' dir='ltr'><em>metamaucensium.</em></span> <span class='ocrx_word' id='word_1_563' title='bbox 523 5031 556 5065; x_wconf 75' lang='lat'><em>²⁹¹</em></span> <span class='ocrx_word' id='word_1_564' title='bbox 583 5033 632 5086; x_wconf 86' lang='lat' dir='ltr'><em>llic</em></span> <span class='ocrx_word' id='word_1_565' title='bbox 653 5047 749 5086; x_wconf 84' lang='lat' dir='ltr'><em>rtoouot</em></span> <span class='ocrx_word' id='word_1_566' title='bbox 761 5047 865 5086; x_wconf 78' lang='lat' dir='ltr'><em>anisam</em></span> <span class='ocrx_word' id='word_1_567' title='bbox 881 5031 934 5085; x_wconf 91' lang='lat' dir='ltr'><em>Vll.</em></span> <span class='ocrx_word' id='word_1_568' title='bbox 953 5029 993 5084; x_wconf 84' lang='lat' dir='ltr'><em>lx.</em></span> <span class='ocrx_word' id='word_1_569' title='bbox 1018 5029 1088 5083; x_wconf 88' lang='lat' dir='ltr'><em>lllll.</em></span> <span class='ocrx_word' id='word_1_570' title='bbox 1110 5028 1178 5082; x_wconf 87' lang='lat' dir='ltr'><em>Xlll.</em></span> <span class='ocrx_word' id='word_1_571' title='bbox 1199 5030 1359 5100; x_wconf 85' lang='lat' dir='ltr'><em>inscriptam</em></span> <span class='ocrx_word' id='word_1_572' title='bbox 1392 5031 1527 5098; x_wconf 84' lang='lat' dir='ltr'><em>incipiant</em></span> <span class='ocrx_word' id='word_1_573' title='bbox 1553 5027 1600 5082; x_wconf 83' lang='lat' dir='ltr'><em>st.</em></span> <span class='ocrx_word' id='word_1_574' title='bbox 1616 5027 1645 5084; x_wconf 76' lang='lat'><em>2.</em></span> <span class='ocrx_word' id='word_1_575' title='bbox 1660 5029 1686 5084; x_wconf 88' lang='grc'><em>5.</em></span> <span class='ocrx_word' id='word_1_576' title='bbox 1705 5030 1752 5085; x_wconf 83' lang='lat' dir='ltr'><em>ct.</em></span> 
     </span>
     <span class='ocr_line' id='line_1_50' title="bbox 89 5099 1752 5172; baseline 0 -16"><span class='ocrx_word' id='word_1_577' title='bbox 89 5103 133 5156; x_wconf 56' lang='grc' dir='ltr'><em>θ’.</em></span> <span class='ocrx_word' id='word_1_578' title='bbox 147 5102 172 5156; x_wconf 87' lang='grc'><em>3.</em></span> <span class='ocrx_word' id='word_1_579' title='bbox 190 5104 233 5156; x_wconf 49' lang='lat' dir='ltr'><em>iffi</em></span> <span class='ocrx_word' id='word_1_580' title='bbox 246 5102 276 5156; x_wconf 87' lang='lat' dir='ltr'><em>b.</em></span> <span class='ocrx_word' id='word_1_581' title='bbox 296 5100 324 5155; x_wconf 83' lang='lat' dir='ltr'><em>li.</em></span> <span class='ocrx_word' id='word_1_582' title='bbox 341 5102 372 5155; x_wconf 91' lang='lat' dir='ltr'><em>ln</em></span> <span class='ocrx_word' id='word_1_583' title='bbox 386 5099 411 5154; x_wconf 88' lang='lat' dir='ltr'><em>l.</em></span> <span class='ocrx_word' id='word_1_584' title='bbox 427 5115 496 5154; x_wconf 85' lang='lat' dir='ltr'><em>nova</em></span> <span class='ocrx_word' id='word_1_585' title='bbox 512 5105 616 5156; x_wconf 86' lang='lat' dir='ltr'><em>tantum</em></span> <span class='ocrx_word' id='word_1_586' title='bbox 632 5102 703 5155; x_wconf 86' lang='lat' dir='ltr'><em>linea</em></span> <span class='ocrx_word' id='word_1_587' title='bbox 718 5105 824 5172; x_wconf 88' lang='lat' dir='ltr'><em>incipit,</em></span> <span class='ocrx_word' id='word_1_588' title='bbox 841 5105 1140 5171; x_wconf 80' lang='lat' dir='ltr'><em>etneqaaqaamnouas</em></span> <span class='ocrx_word' id='word_1_589' title='bbox 1156 5115 1243 5155; x_wconf 78' lang='lat' dir='ltr'><em>arceias</em></span> <span class='ocrx_word' id='word_1_590' title='bbox 1259 5117 1266 5164; x_wconf 84' lang='lat'>;</span> <span class='ocrx_word' id='word_1_591' title='bbox 1282 5116 1328 5154; x_wconf 79' lang='lat' dir='ltr'><em>osec</em></span> <span class='ocrx_word' id='word_1_592' title='bbox 1341 5104 1371 5154; x_wconf 87' lang='lat' dir='ltr'><em>in</em></span> <span class='ocrx_word' id='word_1_593' title='bbox 1387 5102 1416 5154; x_wconf 84' lang='lat' dir='ltr'><em>t.</em></span> <span class='ocrx_word' id='word_1_594' title='bbox 1434 5099 1498 5154; x_wconf 74' lang='grc' dir='ltr'>Β3*.</span> <span class='ocrx_word' id='word_1_595' title='bbox 1518 5099 1559 5153; x_wconf 72' lang='grc'><em>4*.</em></span> <span class='ocrx_word' id='word_1_596' title='bbox 1572 5099 1632 5152; x_wconf 61' lang='grc' dir='ltr'><em>Ψ.</em></span> <span class='ocrx_word' id='word_1_597' title='bbox 1650 5100 1685 5134; x_wconf 73' lang='lat'><em>”²</em></span> <span class='ocrx_word' id='word_1_598' title='bbox 1701 5101 1752 5156; x_wconf 89' lang='lat' dir='ltr'><em>llu-</em></span> 
     </span>
     <span class='ocr_line' id='line_1_51' title="bbox 89 5170 1751 5247; baseline -0.003 -19"><span class='ocrx_word' id='word_1_599' title='bbox 89 5189 194 5245; x_wconf 89' lang='lat' dir='ltr'><em>cusque</em></span> <span class='ocrx_word' id='word_1_600' title='bbox 208 5173 368 5247; x_wconf 80' lang='lat' dir='ltr'><em>sigebertus</em></span> <span class='ocrx_word' id='word_1_601' title='bbox 381 5170 519 5226; x_wconf 89' lang='lat' dir='ltr'><em>cronicam</em></span> <span class='ocrx_word' id='word_1_602' title='bbox 531 5187 607 5225; x_wconf 87' lang='lat' dir='ltr'><em>suam</em></span> <span class='ocrx_word' id='word_1_603' title='bbox 622 5173 875 5242; x_wconf 84' lang='lat' dir='ltr'><em>perduxitAddant</em></span> <span class='ocrx_word' id='word_1_604' title='bbox 886 5172 932 5227; x_wconf 74' lang='lat'><em>133.</em></span> <span class='ocrx_word' id='word_1_605' title='bbox 947 5172 1075 5227; x_wconf 75' lang='lat' dir='ltr'><em>Alsiensis</em></span> <span class='ocrx_word' id='word_1_606' title='bbox 1088 5171 1123 5204; x_wconf 74' lang='lat'><em>²⁹³</em></span> <span class='ocrx_word' id='word_1_607' title='bbox 1141 5174 1182 5224; x_wconf 85' lang='lat' dir='ltr'><em>ita</em></span> <span class='ocrx_word' id='word_1_608' title='bbox 1203 5175 1231 5223; x_wconf 84' lang='lat' dir='ltr'><em>t.</em></span> <span class='ocrx_word' id='word_1_609' title='bbox 1254 5170 1310 5225; x_wconf 88' lang='lat' dir='ltr'><em>nln.</em></span> <span class='ocrx_word' id='word_1_610' title='bbox 1327 5177 1354 5225; x_wconf 90' lang='lat' dir='ltr'><em>et</em></span> <span class='ocrx_word' id='word_1_611' title='bbox 1372 5172 1431 5226; x_wconf 88' lang='lat' dir='ltr'><em>suis</em></span> <span class='ocrx_word' id='word_1_612' title='bbox 1441 5187 1467 5241; x_wconf 87' lang='lat' dir='ltr'><em>p.</em></span> <span class='ocrx_word' id='word_1_613' title='bbox 1483 5185 1558 5225; x_wconf 85' lang='lat' dir='ltr'><em>ma.</em></span> <span class='ocrx_word' id='word_1_614' title='bbox 1575 5185 1598 5224; x_wconf 89' lang='lat' dir='ltr'><em>s.</em></span> <span class='ocrx_word' id='word_1_615' title='bbox 1615 5184 1638 5223; x_wconf 92' lang='lat' dir='ltr'><em>r.</em></span> <span class='ocrx_word' id='word_1_616' title='bbox 1657 5170 1751 5234; x_wconf 60' lang='lat' dir='ltr'><em>Bw,</em></span> 
     </span>
     <span class='ocr_line' id='line_1_52' title="bbox 90 5241 1751 5315; baseline 0 -17"><span class='ocrx_word' id='word_1_617' title='bbox 90 5250 317 5315; x_wconf 85' lang='lat' dir='ltr'><em>etsperpetuam</em></span> <span class='ocrx_word' id='word_1_618' title='bbox 333 5242 493 5298; x_wconf 89' lang='lat' dir='ltr'><em>memoriam</em></span> <span class='ocrx_word' id='word_1_619' title='bbox 508 5242 550 5296; x_wconf 91' lang='lat' dir='ltr'><em>sui</em></span> <span class='ocrx_word' id='word_1_620' title='bbox 567 5243 677 5315; x_wconf 86' lang='lat' dir='ltr'><em>reliquit</em></span> <span class='ocrx_word' id='word_1_621' title='bbox 693 5245 769 5309; x_wconf 75' lang='lat' dir='ltr'><em>Bl*.,</em></span> <span class='ocrx_word' id='word_1_622' title='bbox 786 5250 848 5298; x_wconf 88' lang='lat' dir='ltr'><em>ets.</em></span> <span class='ocrx_word' id='word_1_623' title='bbox 864 5242 1053 5314; x_wconf 75' lang='lat' dir='ltr'><em>gratissimum</em></span> <span class='ocrx_word' id='word_1_624' title='bbox 1089 5257 1124 5295; x_wconf 89' lang='lat' dir='ltr'><em>m.</em></span> <span class='ocrx_word' id='word_1_625' title='bbox 1143 5258 1168 5296; x_wconf 89' lang='lat' dir='ltr'><em>n.</em></span> <span class='ocrx_word' id='word_1_626' title='bbox 1197 5258 1219 5296; x_wconf 90' lang='lat' dir='ltr'><em>s.</em></span> <span class='ocrx_word' id='word_1_627' title='bbox 1237 5259 1259 5298; x_wconf 92' lang='lat' dir='ltr'><em>r.</em></span> <span class='ocrx_word' id='word_1_628' title='bbox 1277 5243 1324 5297; x_wconf 89' lang='lat' dir='ltr'><em>Bl.</em></span> <span class='ocrx_word' id='word_1_629' title='bbox 1354 5241 1484 5297; x_wconf 61' lang='lat' dir='ltr'><em>atta,</em></span> <span class='ocrx_word' id='word_1_630' title='bbox 1504 5241 1528 5295; x_wconf 52' lang='lat'><em>3.</em></span> <span class='ocrx_word' id='word_1_631' title='bbox 1546 5241 1632 5296; x_wconf 74' lang='lat' dir='ltr'><em>ab..</em></span> <span class='ocrx_word' id='word_1_632' title='bbox 1653 5241 1751 5298; x_wconf 74' lang='lat' dir='ltr'><em>demeat</em></span> 
     </span>
     <span class='ocr_line' id='line_1_53' title="bbox 89 5312 1750 5385; baseline 0.001 -18"><span class='ocrx_word' id='word_1_633' title='bbox 89 5312 151 5368; x_wconf 60' lang='lat' dir='ltr'><em>Cli.</em></span> <span class='ocrx_word' id='word_1_634' title='bbox 167 5317 198 5370; x_wconf 90' lang='lat' dir='ltr'><em>ln</em></span> <span class='ocrx_word' id='word_1_635' title='bbox 217 5318 238 5370; x_wconf 92' lang='lat' dir='ltr'><em>l.</em></span> <span class='ocrx_word' id='word_1_636' title='bbox 257 5331 343 5370; x_wconf 77' lang='lat' dir='ltr'><em>certans</em></span> <span class='ocrx_word' id='word_1_637' title='bbox 358 5317 464 5380; x_wconf 78' lang='lat' dir='ltr'><em>irtteper</em></span> <span class='ocrx_word' id='word_1_638' title='bbox 483 5329 631 5368; x_wconf 76' lang='lat' dir='ltr'><em>ceetomone</em></span> <span class='ocrx_word' id='word_1_639' title='bbox 648 5330 753 5384; x_wconf 80' lang='lat' dir='ltr'><em>ursoque</em></span> <span class='ocrx_word' id='word_1_640' title='bbox 765 5316 867 5369; x_wconf 86' lang='lat' dir='ltr'><em>calamo</em></span> <span class='ocrx_word' id='word_1_641' title='bbox 882 5320 1019 5368; x_wconf 77' lang='lat' dir='ltr'><em>exaratus.</em></span> <span class='ocrx_word' id='word_1_642' title='bbox 1034 5314 1116 5367; x_wconf 81' lang='lat' dir='ltr'><em>desiit</em></span> <span class='ocrx_word' id='word_1_643' title='bbox 1127 5317 1216 5382; x_wconf 88' lang='lat' dir='ltr'><em>primo</em></span> <span class='ocrx_word' id='word_1_644' title='bbox 1230 5316 1258 5368; x_wconf 91' lang='lat' dir='ltr'><em>in</em></span> <span class='ocrx_word' id='word_1_645' title='bbox 1270 5330 1332 5369; x_wconf 81' lang='lat' dir='ltr'><em>coca</em></span> <span class='ocrx_word' id='word_1_646' title='bbox 1344 5312 1424 5376; x_wconf 84' lang='lat' dir='ltr'><em>obiit.</em></span> <span class='ocrx_word' id='word_1_647' title='bbox 1440 5328 1525 5383; x_wconf 77' lang='lat' dir='ltr'><em>oreque</em></span> <span class='ocrx_word' id='word_1_648' title='bbox 1540 5314 1750 5385; x_wconf 77' lang='lat' dir='ltr'><em>quicqnnmpost</em></span> 
     </span>
     <span class='ocr_line' id='line_1_54' title="bbox 87 5382 1751 5455; baseline 0.001 -17"><span class='ocrx_word' id='word_1_649' title='bbox 87 5384 158 5439; x_wconf 84' lang='lat' dir='ltr'><em>banc</em></span> <span class='ocrx_word' id='word_1_650' title='bbox 172 5401 280 5441; x_wconf 78' lang='lat' dir='ltr'><em>erassem</em></span> <span class='ocrx_word' id='word_1_651' title='bbox 299 5392 359 5442; x_wconf 90' lang='lat' dir='ltr'><em>cst:</em></span> <span class='ocrx_word' id='word_1_652' title='bbox 375 5386 477 5439; x_wconf 87' lang='lat' dir='ltr'><em>atalia</em></span> <span class='ocrx_word' id='word_1_653' title='bbox 494 5400 591 5439; x_wconf 87' lang='lat' dir='ltr'><em>manas</em></span> <span class='ocrx_word' id='word_1_654' title='bbox 602 5388 773 5455; x_wconf 84' lang='lat' dir='ltr'><em>postmodam</em></span> <span class='ocrx_word' id='word_1_655' title='bbox 792 5387 890 5455; x_wconf 81' lang='lat' dir='ltr'><em>adjecit</em></span> <span class='ocrx_word' id='word_1_656' title='bbox 907 5402 914 5438; x_wconf 91' lang='lat'><strong>:</strong></span> <span class='ocrx_word' id='word_1_657' title='bbox 930 5384 980 5449; x_wconf 82' lang='lat' dir='ltr'><em>Qui</em></span> <span class='ocrx_word' id='word_1_658' title='bbox 996 5384 1077 5438; x_wconf 85' lang='lat' dir='ltr'><em>etiam</em></span> <span class='ocrx_word' id='word_1_659' title='bbox 1096 5382 1194 5439; x_wconf 89' lang='lat' dir='ltr'><em>librum</em></span> <span class='ocrx_word' id='word_1_660' title='bbox 1211 5384 1357 5440; x_wconf 87' lang='lat' dir='ltr'><em>illustrium</em></span> <span class='ocrx_word' id='word_1_661' title='bbox 1374 5383 1494 5439; x_wconf 77' lang='lat' dir='ltr'><em>virorum</em></span> <span class='ocrx_word' id='word_1_662' title='bbox 1527 5390 1554 5437; x_wconf 90' lang='lat' dir='ltr'><em>ct</em></span> <span class='ocrx_word' id='word_1_663' title='bbox 1571 5383 1658 5438; x_wconf 90' lang='lat' dir='ltr'><em>multa</em></span> <span class='ocrx_word' id='word_1_664' title='bbox 1671 5384 1751 5440; x_wconf 88' lang='lat' dir='ltr'><em>utilia</em></span> 
     </span>
     <span class='ocr_line' id='line_1_55' title="bbox 87 5455 1750 5528; baseline 0.001 -20"><span class='ocrx_word' id='word_1_665' title='bbox 87 5455 218 5510; x_wconf 82' lang='lat' dir='ltr'><em>doctrina.</em></span> <span class='ocrx_word' id='word_1_666' title='bbox 232 5473 288 5512; x_wconf 80' lang='lat' dir='ltr'><em>sun</em></span> <span class='ocrx_word' id='word_1_667' title='bbox 303 5464 330 5511; x_wconf 89' lang='lat' dir='ltr'><em>ct</em></span> <span class='ocrx_word' id='word_1_668' title='bbox 350 5457 479 5511; x_wconf 91' lang='lat' dir='ltr'><em>librorum</em></span> <span class='ocrx_word' id='word_1_669' title='bbox 499 5455 669 5510; x_wconf 88' lang='lat' dir='ltr'><em>monimenta</em></span> <span class='ocrx_word' id='word_1_670' title='bbox 685 5457 764 5511; x_wconf 89' lang='lat' dir='ltr'><em>nobis</em></span> <span class='ocrx_word' id='word_1_671' title='bbox 774 5456 894 5528; x_wconf 85' lang='lat' dir='ltr'><em>reliquit.</em></span> <span class='ocrx_word' id='word_1_672' title='bbox 910 5456 983 5511; x_wconf 86' lang='lat' dir='ltr'><em>lolem</em></span> <span class='ocrx_word' id='word_1_673' title='bbox 999 5456 1097 5510; x_wconf 83' lang='lat' dir='ltr'><em>nabent</em></span> <span class='ocrx_word' id='word_1_674' title='bbox 1126 5456 1188 5509; x_wconf 59' lang='lat' dir='ltr'><em>BF.</em></span> <span class='ocrx_word' id='word_1_675' title='bbox 1216 5460 1240 5510; x_wconf 90' lang='lat' dir='ltr'><em>et</em></span> <span class='ocrx_word' id='word_1_676' title='bbox 1256 5457 1323 5510; x_wconf 86' lang='lat' dir='ltr'><em>Ata.</em></span> <span class='ocrx_word' id='word_1_677' title='bbox 1339 5455 1385 5510; x_wconf 86' lang='lat' dir='ltr'><em>Fl.</em></span> <span class='ocrx_word' id='word_1_678' title='bbox 1401 5456 1428 5508; x_wconf 75' lang='lat'><em>2.</em></span> <span class='ocrx_word' id='word_1_679' title='bbox 1445 5456 1461 5509; x_wconf 90' lang='lat'>3</span> <span class='ocrx_word' id='word_1_680' title='bbox 1485 5456 1604 5510; x_wconf 81' lang='lat' dir='ltr'><em>Postlcoec</em></span> <span class='ocrx_word' id='word_1_681' title='bbox 1618 5458 1648 5508; x_wconf 88' lang='lat' dir='ltr'><em>in</em></span> <span class='ocrx_word' id='word_1_682' title='bbox 1660 5455 1750 5510; x_wconf 84' lang='lat' dir='ltr'><em>codice</em></span> 
     </span>
     <span class='ocr_line' id='line_1_56' title="bbox 86 5523 1745 5598; baseline 0.001 -19"><span class='ocrx_word' id='word_1_683' title='bbox 86 5526 113 5580; x_wconf 85' lang='lat' dir='ltr'><em>l.</em></span> <span class='ocrx_word' id='word_1_684' title='bbox 125 5527 199 5580; x_wconf 85' lang='lat' dir='ltr'><em>natta</em></span> <span class='ocrx_word' id='word_1_685' title='bbox 212 5531 301 5598; x_wconf 86' lang='lat' dir='ltr'><em>spatio</em></span> <span class='ocrx_word' id='word_1_686' title='bbox 313 5527 501 5596; x_wconf 74' lang='lat' dir='ltr'><em>interjectam</em></span> <span class='ocrx_word' id='word_1_687' title='bbox 516 5527 609 5582; x_wconf 79' lang='lat' dir='ltr'><em>eadem</em></span> <span class='ocrx_word' id='word_1_688' title='bbox 620 5530 727 5597; x_wconf 84' lang='lat' dir='ltr'><em>popina</em></span> <span class='ocrx_word' id='word_1_689' title='bbox 738 5531 831 5582; x_wconf 87' lang='lat' dir='ltr'><em>statim</em></span> <span class='ocrx_word' id='word_1_690' title='bbox 843 5529 934 5598; x_wconf 76' lang='lat' dir='ltr'><em>peroit</em></span> <span class='ocrx_word' id='word_1_691' title='bbox 948 5528 1093 5582; x_wconf 65' lang='lat' dir='ltr'><em>iotselmus</em></span> <span class='ocrx_word' id='word_1_692' title='bbox 1108 5545 1115 5587; x_wconf 85' lang='lat'>:</span> <span class='ocrx_word' id='word_1_693' title='bbox 1129 5528 1176 5582; x_wconf 81' lang='lat' dir='ltr'><em>secl</em></span> <span class='ocrx_word' id='word_1_694' title='bbox 1188 5544 1219 5581; x_wconf 88' lang='lat' dir='ltr'><em>ca</em></span> <span class='ocrx_word' id='word_1_695' title='bbox 1232 5528 1329 5582; x_wconf 78' lang='lat' dir='ltr'><em>desum</em></span> <span class='ocrx_word' id='word_1_696' title='bbox 1347 5530 1437 5582; x_wconf 89' lang='lat' dir='ltr'><em>omnia</em></span> <span class='ocrx_word' id='word_1_697' title='bbox 1454 5526 1497 5581; x_wconf 84' lang='lat' dir='ltr'><em>ct.</em></span> <span class='ocrx_word' id='word_1_698' title='bbox 1513 5526 1556 5578; x_wconf 53' lang='grc' dir='ltr'><em>Ψ.</em></span> <span class='ocrx_word' id='word_1_699' title='bbox 1572 5523 1589 5579; x_wconf 87' lang='grc'>3</span> <span class='ocrx_word' id='word_1_700' title='bbox 1616 5524 1648 5579; x_wconf 75' lang='lat' dir='ltr'><em>t*</em></span> <span class='ocrx_word' id='word_1_701' title='bbox 1673 5527 1699 5581; x_wconf 83' lang='lat' dir='ltr'><em>s.</em></span> <span class='ocrx_word' id='word_1_702' title='bbox 1718 5526 1745 5580; x_wconf 82' lang='lat' dir='ltr'><em>l).</em></span> 
     </span>
     <span class='ocr_line' id='line_1_57' title="bbox 86 5597 1197 5655; baseline -0.004 0"><span class='ocrx_word' id='word_1_703' title='bbox 86 5597 120 5632; x_wconf 76' lang='lat'><em>”⁴</em></span> <span class='ocrx_word' id='word_1_704' title='bbox 132 5597 252 5655; x_wconf 80' lang='lat' dir='ltr'><em>[tamnus</em></span> <span class='ocrx_word' id='word_1_705' title='bbox 266 5629 299 5640; x_wconf 88' lang='lat'>-</span> <span class='ocrx_word' id='word_1_706' title='bbox 309 5598 434 5655; x_wconf 87' lang='lat' dir='ltr'><em>succedit</em></span> <span class='ocrx_word' id='word_1_707' title='bbox 448 5599 545 5653; x_wconf 77' lang='lat' dir='ltr'><em>desum</em></span> <span class='ocrx_word' id='word_1_708' title='bbox 564 5599 628 5652; x_wconf 74' lang='lat' dir='ltr'><em>b3*.</em></span> <span class='ocrx_word' id='word_1_709' title='bbox 644 5602 669 5652; x_wconf 89' lang='lat' dir='ltr'><em>et</em></span> <span class='ocrx_word' id='word_1_710' title='bbox 684 5600 740 5654; x_wconf 81' lang='lat' dir='ltr'><em>Ain</em></span> <span class='ocrx_word' id='word_1_711' title='bbox 753 5600 787 5634; x_wconf 72' lang='lat'><em>²⁰⁵</em></span> <span class='ocrx_word' id='word_1_712' title='bbox 801 5599 877 5654; x_wconf 84' lang='lat' dir='ltr'><em>Faria</em></span> <span class='ocrx_word' id='word_1_713' title='bbox 890 5629 918 5639; x_wconf 91' lang='lat'><em>-</em></span> <span class='ocrx_word' id='word_1_714' title='bbox 937 5597 1021 5653; x_wconf 86' lang='lat' dir='ltr'><em>illesis</em></span> <span class='ocrx_word' id='word_1_715' title='bbox 1040 5599 1135 5654; x_wconf 80' lang='lat' dir='ltr'><em>desum</em></span> <span class='ocrx_word' id='word_1_716' title='bbox 1152 5599 1197 5652; x_wconf 81' lang='lat' dir='ltr'><em>liii.</em></span> 
     </span>
    </p>
   </div>
   <div class='ocr_carea' id='block_1_10' title="bbox 0 0 1864 6014">
    <p class='ocr_par' dir='ltr' id='par_1_10' title="bbox 0 0 1864 6014">
     <span class='ocr_line' id='line_1_58' title="bbox 0 0 1864 6014; baseline 0 5"><span class='ocrx_word' id='word_1_717' title='bbox 0 0 1864 6014; x_wconf 95' lang='lat' dir='ltr'><em> </em></span> 
     </span>
    </p>
   </div>
  </div>
 </body>
</html>
