3720 6014
84 125 154 182 1093

120 376 179 431 alio
194 375 276 430 modo
291 373 391 429 dicitur
409 377 498 427 totum
521 369 645 434 formale,
660 367 734 439 quod
754 382 787 420 ex
803 364 890 420 lorma

86 475 192 523 constat
210 473 237 521 ot
256 465 382 524 materia,
397 462 476 517 aliter
491 462 564 516 enim
581 466 687 515 constat
707 457 777 512 Petri
789 472 890 527 corpus

85 572 118 610 ex
133 557 253 611 bumana
268 553 355 626 ligura
373 559 401 607 et
414 551 528 606 materia
552 563 693 620 corporea
713 561 824 610 massae,
838 544 890 600 all·

87 658 128 707 tcr
142 667 175 705 ex
198 648 323 720 pluribus
340 646 472 702 membris
498 645 556 701 suis
571 650 598 700 et
613 641 825 713 compositione,
846 639 891 693 in-

87 747 129 795 est
144 738 229 811 ligura
248 751 355 800 massae,
369 742 397 790 et
406 740 514 791 constat
529 741 615 789 totum
629 730 753 788 lormale.
776 729 892 794 Quanti·

88 838 144 886 tate
156 846 212 886 non
228 837 337 885 constat
351 829 403 884 hoc
424 833 522 892 totum,
537 825 602 898 quia
626 839 681 880 non
706 823 836 895 quaeritur
847 821 893 877 hic

90 920 237 976 multitudo
252 918 435 974 materialium
457 917 586 988 partium,
615 915 664 970 sed
688 915 747 971 sola
763 929 851 968 massa
864 920 892 967 el

90 1010 210 1085 figurans
224 1010 312 1066 lorma
331 1024 382 1064 nec
396 1008 479 1063 debet
492 1014 624 1078 quantum
650 1005 717 1069 dici,
731 1004 781 1059 sed
807 1003 894 1075 magis

90 1102 182 1175 qualo,
202 1103 267 1174 quia
286 1108 328 1157 est
340 1100 465 1166 formale,
481 1116 542 1154 nam
557 1098 644 1153 forma
664 1105 746 1152 estet
765 1096 891 1169 qualitas.

91 1194 121 1248 Et
135 1193 278 1248 sciendum
305 1192 439 1263 quianon
465 1190 604 1245 invenitur
620 1189 670 1244 boc
685 1195 784 1251 totum,
798 1188 851 1242 nisi
866 1188 895 1242 in

91 1283 414 1355 individuisspecierum.
426 1282 540 1353 Species
553 1280 626 1337 euim
644 1296 698 1336 non
712 1281 897 1336 babenthanc

91 1374 329 1439 constitutionem,
348 1372 397 1428 sed
416 1371 545 1427 similem.

376 1499 411 1550 lte
426 1501 479 1551 toto
491 1495 614 1549 virtuale.

130 1609 175 1665 Est
193 1608 373 1665 etiamtotnm
390 1607 463 1678 quod
484 1613 574 1678 potest
589 1606 643 1661 dici
666 1607 792 1673 virtuale,
823 1606 896 1678 quod

91 1722 124 1760 ex
142 1705 247 1761 viribus
270 1710 386 1772 constat,
403 1710 431 1759 et
452 1703 569 1758 maxime
588 1702 725 1757 invenitur
747 1701 775 1756 in
798 1701 897 1757 indivi-

92 1797 154 1852 duis
167 1796 285 1851 nnimae:
317 1795 399 1851 babet
418 1795 491 1850 euim
513 1794 604 1850 anima
629 1808 746 1866 quaeque
772 1794 853 1859 vires,
870 1801 898 1849 ot

89 1883 227 1940 ellicacias
246 1883 377 1954 quasdam
396 1881 497 1955 quibus
524 1888 630 1938 constat
649 1888 677 1936 et
703 1879 787 1937 elficit
811 1881 896 1938 multa

94 1995 144 2051 pro
158 1996 208 2036 suo
225 1995 315 2051 posse,
332 1980 369 2034 ita
388 1987 417 2035 ut
433 1994 484 2034 sua
503 1993 619 2050 corpora
632 1978 743 2053 vigeant
756 1977 783 2032 iu
804 1978 898 2033 multis

95 2074 336 2131 secundumvires
360 2073 466 2128 animae.
490 2072 567 2128 Unde
594 2073 712 2127 bumana
736 2072 828 2126 anima
843 2071 898 2126 vim

92 2165 176 2221 habet
189 2164 360 2232 rationalem,
376 2180 431 2235 qua
444 2163 530 2220 utitur
545 2163 661 2218 interius
680 2163 715 2217 ad
731 2163 898 2219 invisibilem

92 2257 279 2332 cognitionem
311 2264 339 2312 et
366 2271 457 2310 rernm
481 2254 605 2311 omnium
640 2253 844 2319 discretionem,
873 2260 901 2309 et

100 2355 235 2418 operatur
251 2345 372 2401 exterius
399 2345 427 2399 in
456 2360 506 2400 suo
526 2358 642 2415 corpore
658 2343 758 2399 multos
772 2351 859 2409 actus,
874 2350 902 2396 ct

97 2435 265 2492 locutionem
286 2433 413 2488 maxime.
435 2432 519 2487 llabot
543 2438 570 2489 et
589 2447 673 2488 unum
689 2431 800 2486 nomine
815 2430 901 2486 sensi·

93 2527 160 2590 bile,
174 2540 228 2597 qua
247 2514 348 2596 corpus
360 2522 446 2579 allicit
460 2523 589 2579 sensibus
601 2523 736 2595 quinque,
750 2529 782 2578 ut
800 2521 905 2577 sentire

95 2628 179 2691 queat
194 2616 336 2673 sensibilia
352 2632 481 2688 quaeque,
494 2622 522 2670 et
532 2614 760 2686 dividitcorporis
775 2613 904 2684 portibus

93 2710 202 2781 species
233 2724 376 2774 sensuum,
410 2707 564 2763 secundum
592 2707 737 2777 qualitates
781 2706 903 2762 diversas

91 2797 276 2863 sensibilium,
292 2796 366 2852 visus
380 2795 533 2858 oculorum,
554 2794 657 2869 figuras
672 2801 699 2849 et
714 2794 832 2861 colores,
850 2790 921 2849 au·'

94 2892 168 2949 ditus
186 2892 294 2947 aurium
313 2906 397 2947 sonos
415 2890 488 2962 capit
511 2897 538 2944 et
565 2904 659 2960 voces,
683 2887 796 2945 odorem

93 2982 220 3049 odoratu,
232 2980 351 3052 palatum
362 2994 475 3051 sapores
482 2978 589 3048 judicat
598 2984 693 3052 gustu,
704 2983 792 3035 tactus
803 2977 906 3033 discer-

95 3071 136 3127 nit
145 3087 194 3141 por
205 3077 292 3126 totum
308 3068 497 3124 indifferenter
511 3083 624 3139 corpus,
639 3081 769 3137 asperum
786 3073 817 3121 et
831 3065 905 3133 lene,

100 3165 199 3217 durum
214 3170 242 3217 et
256 3160 350 3227 molle,
367 3176 457 3215 rarum
474 3170 501 3215 ct
520 3159 650 3230 spissum,
679 3157 764 3231 frigus
778 3165 805 3212 ot
832 3157 906 3213 calo·

104 3262 199 3311 remot
213 3252 361 3327 figuraslli
380 3267 479 3308 sensus
489 3251 553 3307 licet
567 3250 601 3306 ab
617 3250 709 3305 anima
721 3250 779 3304 sint
798 3250 826 3304 in
845 3264 905 3305 cor-

103 3363 182 3417 pore,
198 3353 289 3401 tamen
306 3360 359 3400 nec
376 3343 479 3409 anima,
502 3357 555 3397 nec
577 3341 619 3396 vis
647 3341 759 3408 animae,
774 3341 824 3395 sed
837 3338 904 3394 affc-

100 3439 207 3495 ctiones
223 3436 257 3492 ab
284 3437 375 3491 anima
401 3434 562 3506 corporibus
586 3434 679 3501 illatae,
706 3431 790 3487 habet
821 3433 904 3489 ctiam

606 117 647 172 ult
668 111 812 169 locello
832 108 1005 167 oatctoltt
1038 145 1072 154 -
1093 113 1144 168 tto
1178 116 1211 170 ΙΙΙ

281 205 283 209 ¹
365 250 399 298 lte
418 242 474 297 toto'
490 239 609 305 [mamli-

1676 130 1746 183 loot

901 236 925 302 Λ
942 240 1016 302 sunt,
1031 251 1085 291 non
1109 246 1137 292 ut
1154 237 1447 310 individuasubjcctae,
1464 259 1516 300 noc
1540 247 1631 301 anima
1646 250 1746 320 plantae

943 325 1025 395 liujus
1037 334 1093 383 tota
1109 337 1151 383 est
1165 329 1191 383 in
1213 318 1331 405 singulis
1345 332 1452 389 viribus
1472 335 1540 403 suis,
1561 353 1623 392 cum
1638 341 1747 410 species

940 419 996 471 tota
1011 419 1046 473 sit
1071 418 1099 473 in
1114 420 1231 493 singulis
1254 421 1403 480 individuis
1415 427 1480 482 suis.
1500 427 1577 483 Nunc
1603 429 1748 488 redeamus

940 505 974 559 ad
990 507 1171 578 propositum.

1069 618 1200 685 Quoowdo
1212 621 1243 676 de
1258 623 1369 679 traduce
1383 628 1496 682 veniunt
1506 630 1617 685 aniane.

978 726 1077 784 Dicunt
1091 730 1274 789 seminatores
1292 735 1458 805 animarum,
1476 755 1592 811 quorum
1613 744 1747 800 rationem

943 822 1004 886 post
1032 819 1200 877 orthodoxos
1226 822 1424 896 insumpsimus
1443 827 1536 884 dicere
1563 833 1637 902 quod
1659 836 1749 888 omnis

943 906 1035 962 anima
1048 910 1122 966 venit
1137 912 1171 966 de
1187 914 1309 982 traduce,
1329 916 1355 970 id
1372 925 1413 973 est
1433 920 1523 975 anima
1538 938 1587 992 per
1601 939 1696 979 semen
1714 926 1749 979 de

943 995 1045 1063 anima,
1059 998 1130 1054 sicut
1144 1001 1204 1070 eius
1231 1018 1331 1074 corpus
1347 1022 1398 1075 per
1410 1022 1505 1063 senten
1523 1019 1689 1087 propagatur
1715 1013 1750 1067 de

945 1101 1070 1158 corporo,
1084 1091 1127 1145 vel
1143 1093 1224 1149 arbor
1239 1095 1273 1150 de
1295 1097 1406 1167 arbore,
1427 1108 1454 1156 et
1467 1101 1507 1156 sio
1520 1117 1580 1158 csse
1596 1104 1650 1158 vim
1666 1106 1750 1159 semi-

946 1176 1049 1231 nariam
1071 1178 1099 1232 in
1126 1181 1227 1250 anima,
1250 1188 1483 1256 quemadmodum
1510 1191 1536 1245 in
1566 1207 1689 1264 corpore
1722 1195 1751 1248 ln

946 1265 1112 1323 animalibus
1127 1270 1201 1325 cnim
1222 1272 1275 1327 nisi
1287 1274 1342 1328 vim
1354 1278 1534 1348 vegetabilem
1553 1282 1642 1337 trabat
1655 1297 1752 1337 semen

947 1356 1079 1425 parentis,
1100 1372 1155 1414 non
1168 1359 1278 1431 prolicit
1292 1362 1325 1417 ad
1342 1364 1511 1420 creationem
1530 1369 1673 1439 sequentis
1687 1387 1754 1441 pro-

948 1446 992 1513 lis,
1013 1463 1075 1503 nam
1090 1465 1185 1505 semen
1205 1451 1296 1508 lusum
1315 1453 1345 1508 in
1363 1453 1476 1524 lomina,
1505 1460 1644 1530 quomodo
1658 1461 1752 1531 pullu·

907 1538 995 1628 Blat,
1014 1540 1068 1594 nisi
1084 1541 1139 1595 vim
1154 1542 1253 1599 animae
1278 1547 1458 1620 vegetabilem
1479 1549 1589 1604 trahat?
1612 1553 1754 1617 Quomodo

948 1630 1103 1685 concrescit
1128 1632 1157 1685 in
1185 1632 1291 1690 viscera
1311 1639 1478 1711 praegnantis
1499 1640 1677 1708 seminatum,
1701 1642 1754 1696 nisi

947 1729 1088 1797 utcunque
1116 1725 1199 1782 luerit
1221 1729 1393 1786 animatum?
1424 1733 1604 1790 lnlundantur
1624 1737 1704 1792 urina
1719 1738 1755 1792 de

948 1822 1071 1885 parente,
1084 1818 1128 1872 vel
1148 1826 1269 1889 sputum,
1285 1821 1327 1876 vel
1342 1823 1417 1878 aliud
1434 1824 1597 1896 quidquam,
1619 1842 1673 1882 non
1689 1845 1755 1899 pro-

950 1901 1007 1958 licit
1027 1905 1053 1959 in
1070 1914 1187 1975 partum,
1201 1909 1244 1962 vel
1265 1909 1291 1963 in
1318 1910 1423 1980 prolem
1439 1912 1533 1977 ullam,
1563 1930 1753 1987 necunquam

950 2005 1042 2051 natum
1061 2004 1102 2053 est
1120 1999 1222 2053 animal
1245 2001 1290 2056 tali
1315 2001 1464 2070 inlusione,
1482 2005 1545 2077 qnia
1565 2006 1629 2061 talis
1654 2007 1756 2063 inlusio

949 2098 1024 2146 carot
1038 2093 1217 2150 animatione.
1246 2094 1351 2151 Nullam
1379 2097 1434 2152 vim
1450 2099 1549 2154 animae
1577 2099 1639 2156 talis
1656 2100 1757 2157 inlusio

950 2185 1044 2252 trahit,
1062 2186 1125 2242 ideo
1144 2203 1200 2243 non
1215 2190 1347 2261 prospicit
1360 2192 1387 2247 in
1409 2201 1527 2264 partum,
1543 2210 1594 2249 noc
1614 2195 1679 2251 inde
1694 2198 1758 2267 pul-

952 2278 1019 2334 lulat
1033 2279 1148 2351 aliquid.
1169 2282 1331 2340 lnlundatur
1345 2284 1456 2342 laminae
1468 2303 1574 2356 semen,
1597 2288 1759 2345 infundatur

952 2373 979 2420 et
994 2367 1076 2423 aliud.
1094 2369 1163 2433 Quid
1183 2374 1311 2444 estquod
1328 2374 1381 2431 boc
1393 2392 1506 2448 semper
1516 2385 1558 2433 est
1569 2378 1677 2444 inutile,
1692 2378 1757 2433 illud

953 2473 1018 2514 vero
1041 2460 1151 2531 proficit
1164 2463 1192 2517 in
1207 2464 1311 2535 prolem
1327 2482 1418 2538 saepe:
1450 2468 1503 2524 hoe
1528 2469 1597 2524 nibil
1614 2469 1694 2535 valet,
1710 2487 1760 2525 un·

955 2564 1048 2619 quam,
1072 2549 1140 2607 illud
1166 2553 1270 2623 prolem
1291 2557 1425 2626 promittit
1450 2558 1580 2624 loturam,
1602 2559 1653 2614 nisi
1683 2561 1758 2632 quod

955 2639 1009 2696 hoc
1022 2641 1091 2696 niliil
1105 2644 1282 2701 animationis
1297 2647 1390 2717 babet,
1410 2649 1477 2704 illud
1492 2666 1558 2706 vero
1581 2650 1635 2706 vim
1650 2658 1761 2725 vegeta·

952 2733 1036 2789 bilem
1051 2736 1164 2791 retinet:
1185 2737 1278 2795 Trahit
1304 2755 1370 2813 ergo
1386 2757 1480 2797 secum
1500 2758 1595 2797 semen
1625 2744 1759 2814 corporis,

953 2843 1049 2883 semen
1069 2829 1179 2897 animae,
1205 2830 1312 2887 scilicet
1326 2831 1380 2887 vim
1406 2832 1600 2906 vegetationis,
1615 2849 1677 2904 quae
1694 2848 1760 2888 cor-

821 2904 903 2944 ¹¹⁰ffl³
917 2919 943 2990 (ζ
954 2930 1069 2987 porcum
1088 2933 1184 2974 semen
1204 2926 1316 2993 vegetet
1336 2920 1526 2975 inhumanam
1556 2920 1682 2989 formam,
1702 2920 1763 2991 ipsa

955 3021 1017 3061 cum
1032 3022 1065 3062 eo
1080 3023 1259 3063 succrescens
1279 3008 1305 3063 in
1323 3008 1483 3066 mtionalem
1499 3009 1631 3076 animam,
1646 3017 1674 3064 ut
1693 3009 1765 3064 sicut

957 3101 1099 3172 particula,
1113 3117 1175 3173 quae
1190 3117 1246 3157 non
1266 3110 1310 3157 est
1323 3103 1474 3158 humanum
1489 3119 1601 3175 corpus,
1616 3104 1650 3158 ab
1665 3104 1763 3159 buma-

956 3206 992 3247 uo
1012 3207 1127 3263 corpore
1151 3192 1211 3248 lluit
1234 3194 1261 3248 in
1288 3201 1453 3261 sementem,
1474 3195 1513 3250 sic
1532 3195 1678 3266 particula,
1701 3210 1763 3266 quae

957 3296 1012 3337 non
1032 3291 1074 3336 est
1088 3282 1318 3343 bumanaanima.
1337 3283 1372 3337 ab
1393 3284 1512 3338 bumana
1530 3284 1623 3338 anima
1635 3282 1765 3338 decurrat

955 3381 984 3430 ut
1000 3391 1095 3431 semen
1122 3375 1153 3430 Et
1168 3375 1239 3430 sicut
1264 3376 1385 3444 pruritus
1399 3377 1522 3448 corporis
1542 3393 1597 3432 non
1613 3376 1683 3431 solet
1703 3377 1764 3432 sino

955 3466 1139 3522 delectatione
1154 3466 1251 3520 onimae
1263 3464 1332 3529 lieri,
1348 3466 1388 3521 sic
1407 3466 1530 3536 pruritus
1548 3481 1564 3520 a
1579 3480 1694 3538 corpore
1709 3481 1765 3522 non

98 3535 153 3591 Vim
170 3531 364 3606 vegetabilem,
376 3547 431 3602 ‘1¹¹³
440 3545 520 3598 Suum
529 3545 630 3600 θΟΓΡυ8
646 3535 771 3603 vegetati
783 3527 905 3600 emmim
958 3553 1061 3610 excutit
1070 3553 1248 3608 seminarium
1262 3552 1408 3625 liquorem,
1417 3553 1470 3609 nisi
1482 3553 1563 3608 simul
1574 3554 1674 3609 animae
1690 3553 1766 3609 delc-

105 3625 230 3697 ⁰⁰fli01'is
240 3630 327 3680 status
339 3628 481 3678 ¹¹¹⁰¹¹¹²¹¹i³
492 3621 574 3677 θῑῑθῐῐῐ
588 3619 908 3718 nesciendidssllefflflt·
959 3641 1180 3712 ctatioproducat
1190 3641 1224 3696 ab
1232 3641 1325 3696 anima
1335 3642 1510 3698 seminariam
1520 3643 1585 3711 vim,
1595 3643 1622 3698 id
1634 3649 1675 3698 est
1684 3659 1768 3714 vege·

103 3714 171 3778 Qum
187 3714 222 3768 (¹⁰
236 3712 392 3784 lflamarum
404 3710 550 3766 ³⁰i¹¹¹⁸b¹¹⁸
563 3709 707 3766 difflmm?
721 3709 798 3764 v¹s⁸⁸
814 3724 908 3765 earum
959 3734 1120 3789 labilitatem
1134 3741 1164 3788 ut
1178 3733 1213 3789 sit
1228 3733 1355 3790 humane
1369 3734 1467 3790 auimae
1482 3751 1589 3803 semen,
1601 3735 1642 3790 vis
1656 3741 1770 3809 vegeta-

102 3814 177 3863 ωηο
190 3807 328 3863 ¹¹¹⁶d5⁰i⁰³
352 3807 463 3878 penitus
478 3820 533 3861 ¹¹⁰⁰
556 3805 675 3877 iii¹¹⁰s³ir
696 3819 757 3875 (luae
773 3801 910 3859 “sfifflciafl
960 3826 1033 3890 bilis,
1048 3827 1119 3882 sicot
1129 3824 1295 3882 seminarius
1310 3826 1410 3899 liquor,
1425 3843 1522 3883 semen
1533 3837 1715 3898 estcorporrs.
1735 3825 1767 3880 Et
1784 3876 1787 3883 .

104 3918 198 3958 ‘disum
207 3901 235 3956 1¹¹
252 3902 310 3957 ⁸⁰5⁸
321 3901 422 3973 plantis
435 3899 588 3956 secundum
604 3898 726 3954 diffidi
736 3897 846 3968 399οῑθῦ
861 3913 910 3953 0¹·
960 3914 1121 3972 sicutsimul
1131 3915 1284 3987 procedunt
1293 3931 1395 3983 causac,
1405 3915 1699 3972 scilicetdelcctatioet
1707 3931 1771 3987 pru·

106 3993 212 4091 ΡῙθΓῗῑὶ
239 3990 343 4046 h³b⁰¹¹¹
361 3989 435 4045 Vim
448 3990 579 4090 ,imerius
602 3989 711 4089 fluimaeg
733 3995 761 4044 0²
790 3988 910 4044 meiius
962 4009 1039 4077 ritus,
1054 4008 1095 4063 sic
1108 4007 1190 4063 simul
1205 4015 1359 4080 sequuntur
1373 4008 1499 4076 effectus,
1516 4009 1543 4063 id
1560 4015 1602 4063 est
1629 4008 1671 4064 vis
1687 4022 1772 4082 vege·

106 4078 389 4150 anic¹1¹¹¹21¹sl³l²¹¹¹¹ae·
405 4079 509 4134 ΑΒΜ
521 4086 595 4154 Ὴὸθῑ
606 4077 740 4146 ‘tifilam’
761 4085 788 4133 ⁰¹
803 4078 855 4133 ¹¹⁰⁰
870 4093 912 4133 ‘⁰'
961 4098 1066 4166 tabilis,
1087 4102 1114 4153 et
1129 4096 1221 4169 liquor
1231 4098 1409 4168 seminarius,
1432 4098 1514 4152 simul
1530 4100 1612 4152 etiam
1632 4113 1694 4153 cum
1709 4109 1773 4150 cre·

107 4171 211 4242 lemur
225 4171 254 4225 5¹¹
272 4169 376 4268 Piamflv
398 4169 557 4240 aperimur
582 4169 610 4224 ⁵¹¹
638 4171 741 4241 P¹³¹¹¹³²
761 4184 823 4240 (1¹¹ae
838 4167 911 4224 Vim
963 4188 1295 4262 scendoproiicionthoc
1314 4189 1453 4260 usquead
1476 4190 1624 4243 humanam
1645 4187 1772 4248 formam,

108 4260 194 4316 latent
211 4259 239 4315 5¹¹
260 4274 361 4314 amm·
383 4257 478 4314 Mirum
494 4256 569 4330 qu⁰d
588 4257 661 4313 Vim
679 4257 790 4324 animm*
819 4256 910 4313 anima
965 4285 1033 4342 illud
1045 4300 1133 4357 osque
1147 4284 1182 4339 nd
1204 4282 1364 4339 rationalem
1383 4283 1514 4350 animam,
1531 4282 1596 4337 inde
1616 4280 1697 4337 simul
1714 4296 1774 4335 ma-

112 4358 229 4412 mortua,
246 4347 396 4403 manentia
416 4361 544 4418 corpore,
560 4352 588 4402 et
603 4353 747 4402 remanent
766 4346 794 4401 in
821 4346 915 4418 planta

110 4435 226 4511 vestigia
241 4435 339 4491 virium
357 4451 419 4508 quai
434 4434 545 4491 luerunt
555 4434 583 4489 in
594 4434 698 4502 anima,
712 4434 841 4491 donccct
855 4436 915 4506 ipsa

109 4531 136 4585 in
158 4545 275 4602 corpore
289 4529 419 4602 paulatim
436 4528 606 4585 emoriantur
629 4532 773 4582 vetustate.
792 4525 849 4582 lloc
863 4543 913 4583 au-

109 4630 163 4678 tem
184 4622 267 4677 babet
281 4622 314 4676 ab
332 4621 393 4676 aliis
412 4620 477 4677 totis
498 4618 570 4676 istud
588 4618 742 4690 proprium,
762 4618 915 4690 quodcum

111 4714 202 4786 plnres
215 4713 298 4768 habet
312 4713 395 4780 vires,
420 4713 448 4768 in
476 4726 643 4783 unaquaque
670 4715 712 4766 est
723 4714 828 4776 totom3
846 4716 873 4766 et
888 4711 915 4765 in

111 4801 227 4875 singulis
251 4800 358 4857 viribus
377 4809 420 4857 est
439 4800 541 4868 anima,
570 4815 632 4857 cum
650 4806 742 4855 tamen
768 4806 856 4856 totum
883 4815 917 4856 ox

113 4905 169 4946 una
182 4891 208 4948 vi
228 4896 334 4947 constet
348 4889 415 4946 sola.
432 4889 462 4944 ln
476 4905 532 4945 una
545 4889 604 4945 sola
616 4887 643 4944 vi
654 4895 696 4942 est
708 4891 806 4952 totum,
822 4891 850 4940 et
862 4900 918 4940 una

115 4983 174 5039 sola
193 4981 235 5037 vis
245 4997 300 5038 non
313 4979 398 5037 allicit
412 4985 510 5042 totum,
522 4985 564 5034 est
578 4977 690 5050 quidem
711 4982 798 5033 totum
815 4975 843 5030 in
858 4974 918 5029 sin·

109 5071 181 5145 gulis
195 5070 273 5137 solis,
287 5071 336 5126 sed
354 5084 409 5125 non
420 5074 529 5125 constat
541 5083 575 5123 ex
588 5065 706 5141 singulis
715 5065 791 5132 solis,
807 5064 842 5120 de
855 5064 915 5120 sola

965 4384 1033 4432 nent
1065 4375 1092 4431 in
1118 4391 1174 4431 una
1200 4389 1319 4446 persona
1342 4389 1430 4446 usquc
1460 4374 1494 4429 ad
1522 4379 1649 4428 mortem.
1682 4370 1775 4427 Causae

965 4465 1118 4535 conjunctae
1146 4463 1228 4520 simul
1250 4464 1373 4535 jungunt
1394 4477 1460 4518 suos
1487 4461 1612 4530 effectus,
1642 4462 1670 4517 in
1688 4475 1774 4516 unum

966 4559 1140 4616 individuum
1154 4559 1226 4627 eius,
1245 4557 1319 4629 qnod
1332 4563 1440 4612 constat
1454 4570 1487 4611 ex
1500 4556 1594 4613 anima
1607 4561 1635 4612 et
1647 4568 1773 4626 corporo.

967 4651 1143 4708 lodividuum
1158 4655 1250 4705 autem
1267 4649 1334 4704 illud
1355 4665 1405 4720 por
1420 4665 1484 4704 suas
1505 4664 1603 4705 causas
1616 4648 1668 4704 sub
1682 4646 1776 4718 specie

967 4759 1017 4799 sua
1035 4741 1230 4813 compositum,
1259 4739 1368 4811 prolicit
1383 4740 1417 4795 ad
1437 4739 1550 4796 alterius
1573 4738 1679 4811 speciei
1698 4736 1775 4792 indi·

968 4835 1090 4891 viduum.
1112 4832 1190 4899 Quod
1210 4839 1239 4888 nt
1262 4831 1388 4889 videatur
1411 4833 1544 4904 apertius,
1568 4829 1680 4888 aliunde
1701 4827 1773 4884 inci·

969 4924 1093 4997 piamus,
1122 4929 1152 4979 ut
1179 4938 1212 4979 ex
1238 4921 1330 4977 altiori
1352 4921 1490 4994 principio
1514 4920 1633 4978 lucidior
1656 4917 1702 4973 liat
1724 4915 1777 4971 lina

967 5018 1102 5093 cognitio.

110 5168 187 5233 parte
206 5161 307 5218 dicitur
321 5167 418 5228 totum,
435 5160 484 5215 sed
499 5175 532 5215 er
556 5157 616 5214 sola
635 5163 712 5230 parte
732 5170 788 5212 non
808 5159 915 5211 constat
966 5142 1107 5194 ”mm
1126 5134 1285 5190 *mmm
1309 5134 1345 5188 “d
1380 5131 1535 5200 ²³¹de
1576 5145 1624 5200 ΡΨ
1654 5130 1682 5184 fd
1708 5126 1777 5197 ‘lm

109 5262 208 5312 totum.
237 5255 269 5310 ltt
293 5254 418 5327 quamvis
446 5254 538 5309 anima
562 5252 645 5322 hujus
668 5250 769 5322 plantae
796 5248 831 5304 de
853 5247 915 5302 sin·
1153 5231 1257 5282 “mm
1271 5239 1421 5295 emme
1438 5227 1582 5280 mima·

111 5349 183 5425 gulis
204 5347 309 5406 viribus
327 5349 386 5405 suis
403 5347 521 5414 dicitnr,
544 5351 711 5403 nontamen
740 5356 836 5398 earnm
853 5354 918 5412 spe·
1005 5336 1050 5391 Est
1069 5349 1158 5409 genus
1177 5332 1363 5391 subalternum
1385 5333 1564 5405 substantiae,
1591 5329 1665 5403 quod
1680 5342 1780 5400 corpo-

110 5440 168 5495 cies
187 5442 308 5509 putetur,
324 5435 388 5509 quia
404 5434 579 5492 individuum
590 5440 642 5502 est,
662 5439 690 5488 ct
704 5431 739 5486 de
755 5429 832 5486 nullo
847 5428 918 5484 sub·
969 5427 992 5481 ri
1013 5440 1069 5481 non
1085 5421 1262 5495 supponitur,
1280 5438 1331 5479 nec
1353 5423 1466 5490 anima,
1477 5422 1526 5479 sed
1542 5421 1568 5476 ci
1581 5418 1655 5492 quod
1672 5419 1783 5474 constat

109 5530 184 5603 jecto
200 5528 310 5586 dicitur.
334 5525 497 5584 Virescnim
511 5525 595 5597 boios
618 5523 718 5582 animo
737 5528 829 5594 partes
844 5518 921 5577 illius
971 5532 1004 5571 cx
1018 5523 1149 5587 utroquo·
