3720 6014
60 125 131 182 „53
792 112 992 172 oratorum.
1657 137 1724 194 rasa

60 248 226 321 llillingbem
240 247 305 321 (11).
323 247 412 302 ‚litare
427 243 462 300 de
476 243 604 299 Dulciaeo
620 240 672 312 1131
687 255 749 296 cum
764 254 867 311 appeu-
881 242 904 311 Α
953 256 971 293 a
987 241 1114 324 'Reoripta
1134 256 1179 296 seu
1211 242 1322 325 Eirrpoto
1338 246 1419 304 Caluo
1446 252 1659 312 Terroremoade
1677 259 1725 314 de-

57 337 126 394 ditio
145 353 196 394 suo
211 338 246 393 de
269 336 375 410 lligella
389 336 455 404 (lt).
478 333 532 389 liac
554 332 666 404 quidem
692 329 866 395 conditione,
952 326 1036 378 mi'ib
1056 329 1166 385 illidii
1179 329 1291 385 10111199
1310 319 1579 390 Adelwidefundati,

57 435 87 483 ut
101 427 188 482 abbas
201 426 243 483 rei
257 426 332 499 prior
344 424 505 481 monasterii
522 423 645 495 synodos
660 418 867 475 Cameracensis
1222 405 1312 473 iA¹¹¹¹⁰
1335 407 1401 463 ¹¹08
1416 413 1424 477 )

59 516 183 587 episcopi
196 514 344 582 custodial,
355 514 475 586 juraque
490 509 669 585 pontificalia,
679 526 730 582 per
741 508 867 583 singulos
1075 490 1205 563 [Missffil'sr
1219 493 1266 548 uhi
1284 509 1380 566 supra,
1397 503 1407 552 i
1435 498 1456 566 ¹,
1471 517 1498 571 1).
1512 502 1547 558 89
1561 501 1568 576 l

59 625 148 665 annos
173 610 304 681 episcopo
336 607 394 664 sive
425 606 558 663 ministris
591 605 662 675 ejus,
682 604 788 676 absque
811 603 867 659 ulla
955 602 985 657 in
1002 604 1114 660 nomine
1139 615 1240 664 sanctu
1256 615 1284 664 el
1298 609 1448 668 individuae
1461 615 1610 675 Trinitatis.
1628 620 1721 677 Amen.

60 701 276 758 contradictione
306 699 457 773 persolvam
485 699 644 756 sacerdotes
674 713 739 754 vero
771 712 866 753 eorum
953 697 1350 778 Oosanusli6),pergratiam
1372 707 1418 763 Dei
1437 710 1725 784 opiscopusdamem.

60 791 187 848 altarium
207 790 242 847 de
270 807 353 847 manu
378 791 502 864 episcopi
534 790 578 846 rol
604 787 722 859 aiicujus
746 785 864 841 ministri
916 792 1186 863 censis,prosalute
1206 797 1305 853 animae
1320 815 1398 865 meaa,
1418 809 1723 879 meorumquepraede.

59 885 101 940 sui
129 900 221 941 curam
250 884 402 939 animarum
432 881 587 954 accipiant,
626 897 717 954 neque
745 879 866 951 capitula
916 901 1068 955 cessurum,
1094 906 1257 963 promagna
1284 892 1410 950 Ecclesiae
1431 896 1588 963 devotione,
1605 902 1725 959 dominae

58 977 246 1034 archidiaconi
265 984 313 1033 aut
326 977 424 1033 decani
443 975 486 1032 sui
505 975 653 1032 observare
665 973 863 1030 contradicant.
917 978 1074 1043 adelwidis,
1089 980 1257 1035 venerahilis
1272 985 1367 1038 uxoris
1382 985 1501 1059 Remigii
1525 988 1578 1059 (lit
1595 991 1725 1047 Teneris·

94 1070 122 1124 Si
138 1071 200 1142 quis
218 1086 284 1144 crgo
299 1070 363 1125 huic
378 1076 471 1125 nostro
495 1068 607 1124 decreto
622 1067 761 1124 contraire
775 1073 866 1121 tenta·
917 1067 1060 1133 mundani,
1085 1075 1112 1122 et
1131 1069 1291 1125 omnimoda
1306 1073 1510 1143 supplicatione
1525 1079 1723 1136 canonicorum

57 1163 137 1229 verit,
163 1163 246 1229 bunc,
269 1161 433 1218 auctoritate
461 1160 507 1216 Dei
536 1160 718 1231 ejusdemque
743 1156 861 1230 apostoli
916 1156 1236 1226 Tenerremondansium,
1256 1176 1305 1215 eos
1330 1162 1363 1216 ab
1381 1164 1457 1218 onrni
1482 1182 1611 1236 persona,
1634 1169 1725 1224 omni·

58 1253 129 1308 Petri
154 1261 181 1309 ot
201 1259 303 1317 nostra,
326 1270 341 1309 a
362 1268 477 1325 corporo
497 1258 598 1308 sanctas
617 1251 712 1306 matris
734 1249 862 1306 Ecclesiae
912 1265 965 1321 que
981 1248 1050 1304 laica
1064 1249 1218 1312 vexatione,
1235 1253 1396 1309 auctoritate
1409 1256 1457 1311 liei
1474 1265 1501 1312 ot
1516 1268 1610 1314 nostra
1625 1276 1721 1315 eman-

58 1354 273 1417 sequcstramus,
296 1353 323 1402 et
347 1363 382 1402 nc
398 1346 426 1401 iu
451 1345 550 1402 luluris
578 1345 749 1417 temporibus
769 1343 862 1414 aliqua
915 1338 1049 1409 cipumus,
1069 1352 1096 1394 et
1109 1340 1251 1395 canonicis
1274 1341 1334 1409 ejus
1351 1343 1480 1400 Ecclesiae
1506 1348 1669 1403 canonicam
1686 1349 1721 1403 li-

58 1436 203 1492 oceasione
216 1437 352 1504 deleatur,
369 1438 456 1493 nostri
472 1436 554 1511 sigilli
566 1436 749 1507 impressione
766 1432 863 1489 subsi·
915 1430 1048 1486 bertatem
1068 1432 1252 1507 assignamus
1268 1435 1454 1492 concedentes
1468 1445 1497 1493 ut
1517 1439 1651 1507 decanus,
1675 1441 1723 1513 qui

58 1545 185 1604 gudinus.
880 1524 1112 1616 Bcauonicorum
1138 1527 1240 1581 ibidem
1261 1528 1316 1583 lieo
1342 1528 1533 1584 famulantium
1549 1549 1642 1587 euram
1672 1534 1724 1588 lra-

95 1618 132 1672 ad
148 1618 230 1687 hujus
256 1617 448 1674 auctoritatem
473 1617 610 1693 privilegii
633 1615 863 1680 confirmandam,
916 1614 1016 1680 buerit,
1042 1615 1069 1669 in
1093 1614 1220 1670 Ecclesiae
1252 1615 1443 1674 malefactores
1464 1623 1723 1678 excommunicandi

59 1707 443 1766 testcsadr'ocanluridonei.
917 1712 1078 1777 potestatem
1096 1705 1204 1761 lrabeat.
1226 1706 1270 1763 Sic
1298 1717 1389 1764 lamen
1412 1719 1442 1765 ul
1470 1712 1566 1767 eadem
1590 1713 1722 1780 Ecclesia,

92 1803 119 1857 S.
137 1801 272 1875 Fulgentii
283 1801 393 1857 abbatis
408 1799 633 1875 dilligemieusis.
917 1814 966 1870 pro
980 1798 1115 1854 libertatis
1129 1800 1271 1866 momoria,
1298 1808 1353 1857 tres
1365 1802 1641 1861 ieneraemondensis
1668 1823 1725 1863 nro·

31 1877 37 1895 ’
91 1892 119 1949 S.
135 1891 268 1948 iancrcdi
282 1891 389 1948 abbatis
403 1891 496 1947 Ebam.
916 1901 988 1947 netae
1003 1893 1108 1948 solidos
1121 1893 1401 1950 decanobruxellensi
1412 1897 1446 1951 ad
1461 1915 1526 1954 usus
1542 1908 1650 1957 nostros
1661 1901 1722 1956 sin·

93 1982 119 2038 S.
137 1981 284 2037 Emollardi
299 1980 408 2037 abbatis
423 1981 457 2037 de
474 1981 695 2036 Gorardimonle.
915 1983 988 2057 gulis
1002 1983 1083 2037 annis
1098 1984 1246 2054 persolvat.

92 2073 121 2128 S.
143 2071 281 2144 Roduiphi
294 2071 489 2127 archidiaconi.
952 2072 1009 2127 lluo
1022 2073 1147 2127 ecclesiae
1160 2072 1297 2128 altariade
1308 2074 1426 2146 opwyck
1442 2083 1469 2132 et
1483 2076 1611 2133 Lebbeke
1628 2081 1721 2136 ecclc·

95 2164 123 2218 S.
144 2163 307 2220 Theodoriei
328 2164 527 2220 archidiaconi.
915 2163 963 2218 siae
977 2164 1263 2229 Tencraomondensis,
1283 2174 1385 2220 sanctae
1412 2167 1517 2222 scilicet
1531 2167 1681 2237 Trinitatis,
1697 2178 1725 2226 et

94 2254 122 2310 S.
138 2253 240 2309 iluselli
254 2253 452 2310 archidiaconi.
914 2253 941 2308 S.
965 2253 1135 2320 iltrrisriann,
1169 2255 1346 2311 solummodo
1377 2256 1409 2309 ad
1442 2256 1561 2312 aedilicia
1589 2259 1648 2314 sire
1677 2275 1724 2315 or-

95 2348 122 2402 S.
141 2347 269 2402 Ererardi
283 2345 481 2401 arciridiaeoni.
915 2354 1046 2401 namenta
1069 2345 1196 2402 ecclcsiae
1224 2346 1380 2417 retinenda,
1405 2347 1491 2404 libera
1518 2351 1651 2407 canonice
1667 2362 1724 2408 tra·

96 2441 123 2493 S.
141 2438 266 2496 Goniridi
282 2439 310 2494 S.
328 2438 420 2494 liariae
436 2438 572 2495 canonici.
915 2434 990 2489 didi:
1016 2436 1043 2490 in
1070 2436 1171 2507 quibus
1196 2436 1288 2503 salvis,
1325 2437 1428 2493 uostris
1456 2439 1593 2496 reditibus
1628 2443 1722 2513 ponti-

94 2528 543 2585 S.Gerardisimilitercanonici.
915 2527 1051 2596 lrcalibus,
1088 2529 1240 2600 presbytori
1271 2545 1320 2601 per
1347 2530 1483 2587 decanum
1520 2543 1547 2589 et
1572 2535 1724 2592 canonicos

92 2621 118 2674 S.
136 2619 273 2676 Lamberti
286 2617 422 2674 canonici.
916 2627 1081 2690 statuantur,
1109 2630 1135 2678 et
1152 2623 1204 2694 ipsi
1222 2624 1302 2679 nobis
1329 2625 1373 2681 rel
1405 2627 1538 2683 ministris
1564 2631 1666 2686 nostris
1689 2632 1722 2687 ad

92 2710 119 2765 S.
135 2709 260 2766 illazeliui
276 2708 411 2764 canonici.
914 2729 1007 2770 curam
1022 2715 1227 2787 suscipiendam
1244 2726 1458 2788 praesententur.

93 2796 440 2872 S.Segardidecani(15).
621 2839 623 2843 ,
950 2806 1071 2862 Praelatae
1092 2823 1202 2881 quoquc
1231 2809 1361 2865 Ecclesiae
1386 2810 1477 2867 alodia
1504 2812 1538 2866 de
1567 2813 1673 2869 Winsia
1693 2816 1721 2871 in
1759 2861 1762 2867 .

92 2892 119 2947 S.
136 2891 237 2947 Liberti
251 2889 414 2946 subdecani.
877 2899 1027 2970 ccampis,
1044 2900 1072 2954 in
1087 2900 1175 2966 silvis,
1191 2901 1218 2955 in
1235 2902 1330 2973 pratis,
1348 2903 1383 2957 de
1394 2902 1512 2959 liorsele
1527 2905 1555 2959 in
1566 2908 1681 2978 campis,
1695 2909 1722 2964 in

93 2983 121 3037 S.
137 2980 282 3038 lllberouis
297 2979 498 3036 aethnaeensis
515 2979 652 3036 canonici.
911 2988 999 3056 silvis,
1016 2989 1043 3043 in
1063 2989 1159 3060 pratis,
1180 2991 1215 3046 de
1234 2992 1423 3065 dirererghem
1441 2993 1468 3048 in
1496 2997 1611 3066 eampis,
1629 2996 1655 3051 in
1677 2997 1724 3052 sil·

94 3073 203 3129 laetum
226 3078 268 3128 cst
296 3072 446 3128 bocauna
479 3071 628 3127 ilonrinicae
664 3067 863 3126 incarnationis
912 3078 1631 3153 11511[1111131111]οῃιῃῑμηιῑιῑῃιρηωρῑςῑιςῑρ,
1652 3086 1722 3141 pipp.

59 3163 137 3231 1108,
161 3161 313 3217 indictione
339 3161 437 3232 prima,
467 3160 592 3231 praedicti
627 3175 692 3215 uero
721 3158 864 3232 pontificis
913 3168 1106 3240 roetiutegrc
1134 3168 1343 3236 confirmamus·
1372 3171 1438 3228 solis
1459 3174 1599 3230 canonicis
1626 3175 1722 3231 usibus

56 3271 129 3312 anno
145 3255 235 3312 tertio.
258 3255 345 3318 Salus,
365 3254 454 3310 honor
477 3260 505 3308 et
529 3252 619 3328 gloria
645 3251 776 3307 omnibus
791 3250 864 3305 Clari·
914 3256 1066 3327 prolatura.

55 3350 162 3406 silanis.
952 3351 1086 3407 Praeterea
1113 3368 1321 3424 quaecunquea
1345 3353 1560 3428 quibuscunque
1583 3358 1611 3413 in
1631 3359 1720 3427 terris,

439 3436 481 3492 IV.
916 3439 1046 3505 insiliis,
1063 3440 1091 3495 in
1108 3442 1203 3511 pratis,
1219 3458 1269 3498 scu
1290 3443 1318 3498 iu
1331 3444 1394 3498 aliis
1414 3447 1638 3516 possessionibus
1651 3466 1723 3520 prae·

56 3550 229 3620 Confirmatio
241 3546 738 3604 Teucrumoadoaoramcuaoaicorum
750 3547 865 3619 coltepii,
917 3529 979 3585 fii&
993 3529 1120 3585 EGClesiae
1135 3530 1226 3586 ⁰b¹³i³
1256 3539 1330 3599 ⁵⁰⁰1,
1345 3532 1389 3588 iel
1412 3533 1440 3587 in
1460 3542 1600 3604 il⁰⁵³i<³¹⁸¹¹m
1627 3536 1719 3593 Offssrti

92 3778 148 3850 (12)
170 3777 336 3853 llillegbem,
352 3778 483 3851 parochia
502 3779 627 3849 ejusdcm
650 3777 790 3848 diaecesis,
808 3779 859 3835 sub
948 3779 1011 3836 Post
1037 3778 1184 3855 hingotum
1206 3777 1369 3836 Guilielrnus
1391 3779 1540 3838 advocatus
1558 3780 1721 3840 Atrebaten·

58 3851 191 3906 decanatu
207 3849 446 3923 Oirdeghemensi.
911 3853 950 3909 sis
973 3852 1115 3907 uerlrunie
1140 3862 1168 3906 et
1199 3850 1423 3908 ioueraemundae
1450 3854 1579 3909 dominus
1605 3856 1721 3930 ejusque

93 3924 149 3994 (131
173 3922 343 3986 halciacum,
366 3923 560 3998 vulgodouep,
586 3921 717 3992 parocbia
743 3922 860 3978 lianuo-
912 3924 1012 3992 conjux
1033 3922 1170 3977 llatlrildis
1197 3924 1287 3978 rarius
1312 3923 1433 3980 decimas
1457 3926 1581 3982 ecclesiae
1601 3928 1721 3984 Tenem·

58 3992 189 4060 uiae,sub
212 3993 326 4048 dioecesi
348 3991 642 4060 Cameracensi,0ttbe
671 3994 681 4048 l
706 3995 762 4064 imp
801 4010 861 4049 eam
912 3993 1410 4067 mondanaecontuieruut:illamque
1428 3997 1721 4076 detrationemrogatu

56 4064 304 4122 confirmauitbuic
318 4062 437 4120 abbatiae
452 4065 486 4120 ab
502 4063 727 4133 ann09661'uxta
741 4066 861 4121 lliraeum
912 4065 1050 4121 liathildis
1071 4066 1160 4122 aiduae
1187 4066 1360 4122 conlirmarit
1382 4068 1505 4124 loannes
1532 4069 1566 4125 de
1589 4071 1722 4127 lletirunia

57 4145 123 4193 tom.
141 4137 151 4192 i
167 4151 229 4210 pag.
248 4137 311 4192 tot.
913 4136 1119 4193 Cameracensis
1141 4137 1300 4208 episcopus,
1322 4138 1405 4193 irater
1425 4139 1562 4194 Guilielmi
1583 4142 1723 4210 advocati,

91 4209 145 4279 111)
174 4208 289 4282 iligella,
315 4207 397 4282 vulgo
421 4207 546 4272 Nobiles,
576 4207 708 4277 parocbia
732 4206 862 4263 dioecesis
913 4215 943 4264 ut
955 4225 987 4263 ex
1000 4207 1150 4279 diplomate
1162 4216 1269 4263 constal
1284 4223 1357 4264 anno
1376 4209 1441 4264 1217
1458 4211 1532 4265 dato.
1551 4211 1649 4266 Eadem
1665 4213 1723 4268 lia-

58 4279 273 4347 Cameraccnsis,
289 4279 354 4335 olim
369 4279 508 4350 appendix
519 4279 713 4350 praecedentis.
871 4278 1008 4348 Dthildis
1029 4295 1045 4334 a
1064 4286 1151 4334 morto
1180 4279 1269 4334 mariti
1293 4288 1350 4334 tres
1373 4280 1535 4335 sacellanias
1551 4280 1579 4335 in
1609 4284 1722 4338 tolidem

94 4352 144 4424 (151
174 4351 312 4426 Segardus
331 4351 453 4406 decanus
477 4350 574 4405 istein
593 4350 664 4406 serie
693 4351 861 4408 decanorum
913 4350 1091 4408 canonicatus
1105 4350 1251 4406 convertit.
1268 4350 1360 4406 Exstat
1373 4350 1408 4406 de
1419 4366 1452 4406 ea
1467 4367 1496 4407 re
1511 4351 1634 4422 diploma
1650 4369 1724 4411 anno

58 4423 277 4494 metropolitano
291 4422 414 4478 ecclesia
430 4420 647 4491 Cameracensis,
665 4436 681 4476 a
702 4422 741 4476 ΡΡ
774 4424 864 4477 Bone·
915 4424 985 4480 1215
1002 4422 1108 4477 datum.

58 4495 171 4549 dictinis
181 4494 342 4550 auctoribus
357 4494 438 4550 ilovae
453 4493 521 4548 Gall.
539 4491 637 4549 Christ.
661 4493 864 4564 praetermissus
949 4493 1008 4549 Non
1025 4495 1110 4548 multo
1128 4499 1191 4563 post
1209 4491 1292 4547 etiam
1312 4491 1372 4547 aliae
1393 4492 1565 4564 capellaniae,
1581 4510 1651 4566 quas
1670 4495 1725 4551 lia-

59 4566 112 4621 iuit
126 4565 161 4621 ad
176 4581 221 4621 an.
238 4565 316 4622 1108.
914 4565 1010 4620 tirildis
1029 4563 1196 4629 instituerat,
1222 4562 1250 4616 in
1270 4564 1450 4620 canonicatus
1470 4579 1613 4620 conversae
1631 4574 1726 4623 sunta

95 4638 164 4693 Nota
176 4637 269 4704 etiam,
286 4636 360 4709 quod
377 4633 728 4704 decanusirujusecclesiae
742 4634 864 4691 nonnisi
916 4636 1037 4691 lieberto
1053 4633 1122 4699 lilio,
1143 4643 1173 4689 ut
1185 4634 1322 4701 creditur;
1343 4642 1370 4690 et
1383 4635 1580 4691 sicduodecinr
1597 4639 1727 4707 praeben·

58 4716 121 4780 post
135 4708 348 4765 archidiaconos
366 4708 551 4782 subsignaret,
566 4707 613 4778 qui
630 4706 748 4777 proinde
773 4706 864 4762 locum
916 4708 966 4763 dus
991 4721 1124 4761 numerus
1142 4705 1276 4761 adauctus
1302 4713 1354 4770 est,
1381 4722 1497 4777 quarum
1523 4709 1647 4764 omnium
1666 4711 1726 4780 jus,

58 4779 275 4851 praeeminentiae
283 4779 458 4848 obtinebant,
468 4779 507 4835 uti
517 4778 595 4834 rides
608 4777 701 4833 exalia
714 4777 865 4848 diplomate
936 4785 1077 4833 atrouatus
1092 4786 1119 4832 ct
1134 4776 1246 4832 collatio
1256 4778 1290 4832 ad
1305 4777 1438 4832 l'landriae
1449 4778 1578 4835 comitem
1594 4788 1724 4854 tanquam

59 4850 184 4920 ejusdem
199 4850 275 4919 anni,
291 4851 364 4922 apud
378 4852 510 4918 liiraeum,
526 4866 589 4922 pag.
605 4848 649 4905 82.
919 4848 1141 4905 ieneraemundre
1154 4847 1295 4903 domiuum
1313 4855 1431 4921 spectat.

94 4923 149 4992 1161
168 4923 292 4978 Odardus
305 4923 364 4978 sire
377 4921 446 4989 lldo,
461 4938 495 4978 ex
508 4921 597 4994 primo
608 4919 707 4976 abbate
726 4925 865 4976 monaste·
951 4923 1029 4976 Auno
1057 4926 1147 4975 autem
1175 4919 1244 4975 1631
1271 4919 1342 4976 iacta
1361 4925 1403 4975 est
1426 4920 1494 4977 uuio
1519 4921 1578 4977 sive
1600 4923 1725 4980 conlusio

59 4993 91 5049 rii
108 4994 136 5050 S.
152 4994 260 5050 llartini
284 4993 475 5060 Ternaconsis,
496 4993 743 5065 iactusepiscopus
770 4990 865 5047 Came·
917 4999 1100 5064 proventuum
1121 4989 1486 5071 oruuiuuruproebendarum
1516 4992 1568 5048 sub
1597 4994 1727 5049 illustris-

59 5067 193 5134 recensis,
210 5065 454 5122 oblitannolllss.
914 5064 985 5119 simo
1019 5078 1050 5117 ac
1082 5063 1315 5119 reverendissimo
1350 5063 1454 5120 doarne
1486 5065 1605 5121 Antonio
1638 5065 1727 5122 iriest

96 5138 153 5208 (171
165 5138 307 5212 Remigius
316 5137 385 5193 alias
396 5137 538 5209 lliugotus,
559 5141 745 5205 cognomento
756 5132 864 5201 Calvus,
915 5134 1136 5190 Gandareusiunr
1147 5132 1288 5204 episcopo,
1299 5135 1492 5192 consentiente
1502 5136 1624 5208 capitulo
1650 5136 1725 5208 ipso-

59 5209 170 5281 collepii
189 5209 385 5266 canonicorum
408 5216 435 5264 et
460 5207 584 5265 ecclesiae
602 5205 865 5261 Teneraemundanae
915 5222 971 5279 quo
988 5221 1064 5278 rege.

60 5280 201 5351 fundator,
224 5296 298 5337 auno
321 5281 392 5336 11116
410 5280 502 5337 vivere
521 5278 617 5343 desiit;
637 5284 667 5332 ul
687 5277 715 5332 in
740 5276 863 5346 eiusdem
951 5278 1032 5333 Plura
1046 5275 1109 5332 ride
1122 5275 1196 5345 apud
1212 5275 1364 5333 lindanum
1380 5277 1409 5333 in
1428 5278 1638 5335 Tenerarnunda
1654 5278 1724 5335 liinr

60 5351 184 5408 ecciesiae
199 5351 272 5409 libro
282 5350 436 5419 Obituario,
449 5358 479 5409 ut
489 5356 598 5418 vocant,
613 5350 723 5423 legitur.
918 5364 979 5420 cap.
996 5348 1024 5414 6,
1040 5356 1067 5404 et
1083 5346 1132 5414 lib,
1144 5363 1173 5412 u,
1190 5363 1251 5419 cap.
1266 5349 1294 5403 2.

94 5423 211 5480 Biennio
226 5430 289 5497 post
302 5421 463 5491 adelwidis,
485 5422 626 5495 quondam
648 5419 766 5502 Remigii
786 5434 867 5486 uxor,
955 5419 1022 5474 Vide
1047 5416 1240 5493 genealogium
1261 5419 1437 5475 dominorum
1464 5420 1680 5478 Teneramunde
1696 5421 1726 5478 in

60 5511 135 5553 nunc
162 5494 255 5564 vidua,
283 5493 519 5552 confirmationem
540 5495 612 5550 hanc
638 5490 808 5549 fundationis
833 5490 868 5545 ab
918 5489 1053 5547 Chronico
1065 5488 1176 5565 Belgico
1190 5490 1224 5545 ad
1240 5505 1343 5547 anuum
1361 5491 1442 5548 1141.

59 5568 168 5625 Odordo
183 5566 315 5644 episcopo
330 5566 497 5641 impetrarit.
