3720 6014
88 186 142 246 043
692 184 868 242 stabulaum
889 185 1148 244 Guttuttcttusts.
1707 186 1764 242 644

88 317 228 375 Liethardi
257 316 440 373 contristatur.
469 315 516 371 841
537 329 593 371 non
624 315 811 386 destituimur,
832 315 898 389 quis
909 310 1496 390 Aruricolisloeratcointraditus,eopacto
1510 322 1624 373 utterra
1638 318 1764 386 exculta,

88 409 223 482 largiente
233 410 289 463 Deo
303 408 439 463 habemus
451 423 484 463 ex
505 406 587 463 nobis
601 422 684 479 quem
702 407 832 465 idoneum
848 424 899 479 pa·
949 419 1074 483 quartam
1087 412 1200 489 garbam
1223 412 1360 469 inferrent
1372 411 1482 467 horreis
1510 410 1658 466 aeeclesia.
1679 411 1763 466 Tem·

89 510 155 556 trem
182 506 210 554 et
224 498 393 569 provisorem
410 498 612 554 constituamus
636 497 727 556 uobis.
759 500 818 555 Non
833 512 899 574 ergo
950 517 1016 574 pore
1031 509 1122 558 autem
1138 501 1316 574 procedente,
1331 502 1366 557 oh
1385 499 1559 556 sterilitatem
1580 500 1615 556 ab
1628 500 1765 576 agricolis

88 588 167 644 decet
182 603 233 643 nos
248 588 376 644 mestitiae
390 588 510 657 deditos,
527 603 578 644 nos
596 597 624 643 et
638 596 732 644 nostra
748 588 898 663 negligere,
950 591 1102 665 neglectus,
1127 591 1241 647 uacabat
1255 590 1351 647 urticis
1373 589 1450 644 rubis
1474 596 1502 645 et
1521 589 1656 644 sentibus.
1683 589 1765 646 llunc

87 691 129 739 set
144 683 278 738 sollicitos
297 690 323 739 et
334 684 488 740 concordes
502 699 566 740 eum
586 683 634 756 qui
649 684 709 740 loeo
725 689 831 752 nostro,
847 698 899 739 no·
949 682 1043 755 itaque
1055 688 1198 739 vacantem
1211 681 1330 739 domnus
1344 680 1432 736 abbas
1451 679 1615 735 biothardus
1629 680 1779 737 vestiario·

88 775 173 830 biset
189 774 290 830 nostris
307 776 404 846 prosit,
423 775 528 847 absque
547 774 683 830 dilatione
698 774 818 848 {eligere
844 774 899 830 iloo
949 775 1055 831 addidit
1070 773 1391 832 inconsultisheredibus
1410 773 1494 845 (898).
1510 772 1692 828 Vestierarius
1708 773 1765 829 its·

88 879 174 918 unum
190 863 314 919 omnium
330 864 488 932 consilium,
505 864 608 919 dietum
624 880 656 920 ac
671 862 783 920 lactum.
800 862 898 935 Elege·
949 882 1004 937 que
1018 874 1119 923 terram
1130 866 1217 922 marla
1232 876 1259 921 et
1274 864 1339 921 fimo
1355 866 1545 941 inpinguatam
1573 871 1663 921 aratro
1676 880 1764 921 exco-

88 964 152 1012 runt
165 957 297 1014 domnum
310 958 467 1014 lnselmom
480 959 608 1014 abbatem
629 964 765 1015 octavum.
783 958 831 1013 llic
844 957 899 1012 ileo
951 960 1013 1028 luit,
1041 959 1153 1016 domum
1178 957 1411 1031 superedificavit,
1438 958 1590 1014 bubulcum
1619 957 1764 1025 adtribuit,

88 1047 165 1121 digni
186 1048 309 1116 Gueriui,
325 1050 404 1119 eujus
419 1050 448 1104 in
462 1049 517 1106 vita
532 1049 642 1105 abbatis
657 1048 786 1105 Tietmari
803 1048 902 1104 memi·
951 1049 1027 1106 omni
1047 1066 1151 1125 genere
1176 1050 1279 1105 laboris
1307 1049 1474 1106 Wineritilio
1493 1080 1528 1090 —
1549 1050 1589 1104 sio
1603 1049 1678 1104 enim
1693 1064 1764 1122 ager

88 1139 190 1206 nimus,
206 1140 256 1195 luit
271 1141 494 1215 consanguineus
514 1151 543 1198 et
558 1141 719 1212 discipulus.
736 1139 819 1210 Cujus
843 1139 902 1194 imi·
951 1139 1150 1197 vocabatur-
1166 1156 1259 1195 curam
1280 1139 1424 1211 impendit.
1447 1140 1555 1196 interea
1573 1139 1692 1194 heredes
1707 1138 1763 1194 ad·

89 1233 161 1283 tatus
181 1228 369 1300 prudentiam,
384 1246 491 1286 morum
509 1229 672 1304 elegantiam
693 1236 721 1285 et
746 1228 843 1285 orandi
859 1228 900 1282 in·
951 1236 1026 1299 sunt,
1046 1229 1081 1284 de
1095 1229 1230 1300 injustitia
1242 1236 1459 1301 conqueruntur,
1476 1229 1588 1284 domum
1601 1227 1768 1300 superposi-

88 1323 230 1390 stantiam,
246 1322 360 1379 multam
383 1323 436 1378 sibi
453 1324 525 1380 inter
539 1339 604 1380 suos
632 1323 801 1396 adquisierat
823 1338 901 1378 reve·
952 1327 1007 1376 tam
1018 1321 1179 1385 incendunt,
1195 1329 1280 1394 utque
1299 1320 1352 1376 sibi
1368 1320 1508 1375 hereditas
1527 1319 1658 1374 reddatur
1669 1316 1765 1374 omui·

89 1414 207 1469 rentiam
217 1422 244 1471 et
255 1415 328 1486 apud
345 1421 490 1472 extraneos
503 1415 728 1472 benivolentiam.
746 1415 811 1470 Cum
826 1414 900 1470 enim
951 1408 1042 1464 modis
1068 1419 1230 1481 exposcunt.
1245 1409 1345 1464 Verum
1370 1409 1435 1464 dum
1455 1409 1515 1464 brec
1532 1407 1566 1462 lis
1581 1405 1764 1478 protrahitur,

86 1503 143 1572 iam
173 1513 245 1559 esset
282 1512 407 1559 maturus
432 1511 512 1559 aetate
544 1511 571 1559 et
605 1504 740 1571 moribus,
777 1503 899 1569 Francis,
951 1497 1070 1553 domnus
1083 1498 1170 1553 abbas
1187 1497 1351 1553 liethardus
1375 1498 1429 1554 vita
1445 1497 1613 1571 defungitur,
1643 1497 1763 1568 eiusque

89 1594 381 1666 quamvisaeenobio
406 1594 597 1651 Gemblacensi
618 1594 699 1668 longe
719 1595 843 1660 remotis,
859 1594 902 1650 in·
952 1594 1057 1650 inloco
1077 1594 1196 1650 domnus
1219 1595 1366 1650 llnselmus
1397 1593 1485 1649 abbas
1512 1593 1689 1668 subrogatur,
1720 1592 1763 1647 vir

89 1684 179 1739 notuit
197 1683 269 1739 lama
282 1684 435 1754 prudentia
451 1685 559 1754 eius,et
573 1685 652 1756 primi
666 1701 729 1741 eum
743 1684 901 1741 habuerunt
951 1690 1027 1740 certe
1040 1683 1120 1739 bonae
1136 1683 1275 1739 memoriae
1294 1689 1321 1738 et
1341 1683 1479 1754 praeclarae
1500 1682 1634 1749 scientiae,
1654 1690 1681 1737 et
1697 1681 1764 1737 ido-

89 1776 682 1849 magistrumetquasiseooudumabbatem
703 1776 901 1833 Altovillaren·
951 1791 1020 1831 neus
1044 1775 1078 1830 ad
1098 1790 1169 1831 onus
1197 1775 1406 1831 sustentandum
1435 1774 1554 1848 quodsi
1588 1773 1765 1843 imposuerat

88 1884 142 1936 ses,
159 1877 222 1940 post
236 1886 285 1927 eos
300 1871 513 1927 latiniacenses.
532 1871 606 1927 luter
625 1888 696 1944 quos
716 1872 800 1947 longo
824 1878 899 1927 tem·
950 1877 1067 1919 concors
1092 1862 1204 1919 lratrum
1225 1865 1332 1921 caritas.
1354 1865 1400 1920 Set
1420 1881 1469 1937 pro
1485 1863 1577 1921 dolori
1604 1863 1646 1918 vir
1670 1868 1765 1918 tantus

88 1976 155 2032 porc
168 1968 363 2030 commoratus,
377 1970 405 2019 et
423 1963 502 2035 quasi
522 1964 667 2034 speculum
693 1963 847 2019 honestatis
863 1962 901 2019 la·
952 1960 1015 2025 post
1023 1954 1163 2010 modicum
1177 1955 1284 2010 viribus
1294 1954 1418 2027 corporis
1428 1953 1765 2031 egritudinedestitoitur,

88 2059 157 2120 otus,
174 2054 331 2109 nousolum
355 2055 446 2110 minus
461 2055 610 2126 capacibus
635 2055 775 2126 proderat,
805 2063 848 2110 set
875 2061 903 2110 et
953 2046 1765 2122 etriganteseientiaingonioetlacundia,cibotenuict

88 2138 150 2203 illos
165 2148 212 2221 qui
227 2148 297 2204 alios
314 2149 452 2205 instruero
464 2149 558 2206 idonei
579 2158 683 2218 essent,
704 2149 844 2221 protasius
858 2149 902 2204 in·
952 2139 1085 2210 patavini
1103 2155 1237 2212 perparvo
1251 2141 1421 2197 stomachum
1437 2141 1632 2197 lasesscentem
1649 2148 1764 2196 susten·

87 2238 227 2305 struebat;
248 2255 297 2312 per
329 2257 399 2312 quos
427 2257 514 2314 usque
548 2241 631 2297 hodie
649 2242 726 2297 radix
753 2241 898 2312 sapientia
950 2235 997 2285 444·
1015 2228 1174 2305 4444400440
1195 2230 1224 2284 44
1252 2229 1387 2304 4011444440
1406 2231 1539 2301 1404444444,
1560 2230 1678 2285 40401404
1704 2229 1763 2303 4444

88 2346 169 2402 quam
199 2329 240 2387 gis
262 2331 391 2399 ingemit,
423 2330 594 2389 fructificans
632 2338 797 2404 pgrggqgrat,
824 2332 899 2388 Tune
949 2318 1357 2386 00044114,θ4144844)441040444408
1371 2334 1456 2374 Causa
1470 2319 1763 2394 flegllgffllliaeamim

87 2422 221 2493 temporis
244 2423 322 2478 multi
351 2421 465 2480 iratrum
490 2430 645 2481 nostrorum
667 2441 722 2481 nou
750 2426 843 2480 solum
870 2423 899 2479 in
949 2409 1088 2478 4044444444,
1104 2411 1218 2465 0444440
1242 2410 1407 2482 0404044444·
1428 2409 1519 2466 44444
1538 2427 1600 2466 0444
1623 2410 1682 2465 4444
1708 2410 1764 2465 44·

89 2509 199 2565 Francis
222 2519 264 2565 set
281 2519 308 2566 et
339 2512 366 2566 in
382 2513 445 2568 aliis
468 2515 613 2585 provintiis
637 2513 760 2588 magistri
776 2522 804 2569 et
819 2512 898 2586 quasi
949 2498 1008 2556 4440
1022 2499 1205 2569 0044444414440
1219 2500 1291 2555 44044
1305 2500 1407 2570 44440440
1422 2515 1471 2555 004
1485 2497 1573 2566 444444,
1589 2506 1617 2554 04
1631 2499 1764 2572 40804444

88 2601 205 2656 secundi
219 2601 336 2658 abbates
346 2611 425 2660 erant
441 2604 468 2659 in
483 2605 722 2671 multiscenobiis,
738 2605 855 2678 eoquod
871 2605 899 2659 iu
950 2588 1124 2659 ³⁸⁰³bi¹¹li⁸s
1144 2605 1231 2660 441404
1251 2588 1277 2643 44
1294 2588 1367 2660 t1¹1⁰d
1388 2588 1534 2660 140404444444
1558 2588 1621 2643 44444
1639 2587 1764 2643 04444444·

88 2692 232 2765 scripturis
254 2693 384 2750 humanis
418 2695 462 2752 vel
489 2696 590 2753 divinis
608 2697 759 2761 exercitati,
782 2698 899 2754 multum
951 2678 1022 2750 Ergo
1041 2677 1192 2750 4444440140
1206 2683 1283 2749 144440
1298 2694 1361 2749 (1444
1383 2677 1437 2734 4444
1457 2677 1764 2749 004404044440444441

90 2783 207 2839 lructum
225 2784 369 2855 sapientias
385 2784 581 2857 relinquebant
596 2786 816 2858 quibuscumque
832 2785 901 2841 loeis
952 2786 1016 2842 4444
1025 2771 1082 2845 4844
1091 2771 1182 2826 444440
1189 2771 1310 2826 restabat
1324 2770 1455 2826 44444444·
1470 2771 1622 2827 4444444444
1631 2769 1763 2839 04044044.

88 2873 206 2931 fuissem
222 2876 351 2932 adhibui,
951 2860 1026 2917 lilius
1038 2861 1195 2929 llberonis,
1212 2877 1290 2933 cupos
1309 2862 1338 2918 iu
1353 2862 1408 2918 vita
1422 2862 1550 2919 Tietmari
1571 2862 1679 2918 abbatis
1698 2878 1764 2918 me·

123 2963 167 3020 75,
184 2965 305 3020 Domnus
320 2965 465 3021 Ansglmus
491 2965 602 3021 tandem
623 2980 749 3021 regemus
765 2965 800 3021 ad
816 2980 901 3022 (geno.
952 2953 1084 3009 minimus
1107 2954 1223 3010 00084440
1251 2953 1361 3010 abbatis
1387 2961 1504 3026 pl'aeei'dl
1525 2961 1592 3011 tutte
1615 2955 1763 3026 4011100448.

88 3052 167 3108 bium
182 3053 393 3124 camiliacense,
409 3055 443 3110 de
457 3054 501 3110 die
522 3055 550 3111 ῑῃ
566 3055 639 3111 diem
653 3054 782 3111 studebat
797 3055 825 3111 in
840 3070 900 3110 me.
953 3042 1001 3097 llio
1029 3042 1056 3097 in
1076 3043 1154 3098 nullo
1180 3059 1196 3098 a
1221 3043 1344 3115 paternis
1363 3045 1488 3100 moribus
1514 3045 1687 3116 discrepans,
1709 3045 1765 3100 nisi

90 3142 145 3199 lius
159 3142 295 3214 prolicere
308 3143 359 3199 sub
372 3144 476 3200 domno
491 3143 640 3201 liethardo
663 3144 762 3202 abbate
795 3145 900 3202 Biblio·
950 3131 1024 3205 (14044
1035 3133 1064 3187 44
1074 3132 1238 3203 4044440440
1253 3133 1358 3189 44404404
1372 3143 1400 3190 04
1413 3134 1441 3188 44
1458 3134 1602 3206 0140404(44
1613 3131 1666 3190 4444
1683 3141 1767 3191 4444·

89 3232 467 3289 thecaeassiduussorutator
491 3240 560 3301 erat,
577 3241 606 3288 et
625 3233 673 3288 441
695 3234 896 3306 utilitasexpo·
950 3226 1013 3293 tior,
1030 3225 1167 3282 4004444444
1194 3233 1300 3299 14444044
1327 3227 1384 3302 41144
1403 3227 1573 3297 0040414444,
1606 3236 1634 3282 04
1648 3227 1763 3283 ditabit!

89 3320 194 3389 scebat,
225 3337 285 3376 eam
313 3322 489 3378 emendando
518 3328 545 3377 et
571 3321 699 3396 augendo
727 3321 898 3379 meliorabat,
951 3315 1169 3389 mareisargenti
1190 3315 1344 3388 promissis,
1364 3331 1423 3371 eam
1446 3315 1500 3371 sibi
1520 3316 1580 3370 dari
1600 3316 1635 3371 ab
1660 3316 1764 3372 abbate

90 3415 325 3488 Quandocumque
339 3432 355 3471 a
369 3416 487 3474 lectione
502 3417 684 3474 veteratione
700 3416 824 3485 vacabat,
846 3416 901 3475 ira·
951 3408 1041 3481 petiit·
1057 3407 1149 3464 44400
1164 3423 1277 3480 prorsus
1291 3407 1397 3464 abnuit·
1415 3409 1464 3464 440
1477 3424 1527 3481 per
1540 3409 1721 3480 praepositum
1737 3416 1766 3464 et

90 3504 346 3575 tribusjuuioribos
360 3507 467 3580 aliquid
481 3509 608 3563 humanae
621 3507 663 3563 vel
677 3508 777 3564 divinae
793 3510 901 3582 paginae
951 3501 1004 3556 0444
1029 3501 1156 3557 intimum
1179 3501 1347 3557 ddelardum
1363 3508 1393 3556 04
1420 3501 1556 3573 quosdam
1578 3501 1689 3557 [mltum
1715 3501 1765 3573 qui

91 3596 252 3666 disserebat,
267 3615 322 3656 non
345 3600 535 3656 tantummodo
557 3601 585 3655 tn
606 3615 636 3655 se
649 3599 711 3673 ipso
731 3600 832 3670 virere,
852 3602 902 3658 sed
952 3592 1011 3666 agri
1027 3592 1208 3664 quantitatem
1228 3591 1340 3662 penitas
1359 3591 1536 3665 ignorabant,
1557 3591 1686 3647 abbatem
1709 3591 1766 3646 cir·

91 3697 119 3748 et
135 3693 219 3749 ineis
234 3695 412 3765 postobitum
429 3712 508 3751 suum
521 3695 617 3751 volens
635 3695 738 3752 vivere.
754 3696 837 3752 Datus
851 3697 902 3752 ab·
953 3685 1093 3741 0444440444
1107 3684 1141 3738 44
1151 3683 1288 3750 4444444444,
1305 3681 1416 3738 0444444
1430 3683 1581 3756 (14444444440
1598 3683 1765 3759 40444440·

95 3782 154 3850 has,
170 3793 299 3857 suscepto
316 3788 437 3843 onerist
463 3787 562 3842 honori
578 3795 673 3858 aptum
692 3804 722 3843 se
745 3789 902 3859 exhibebat,
953 3779 1068 3847 missata»
1093 3779 1194 3834 4444444
1218 3794 1330 3834 0044444
1357 3778 1480 3850 quinque
1500 3778 1664 3842 4044404444,
1686 3783 1714 3833 04
1728 3778 1766 3834 44

93 3881 121 3928 41
139 3890 256 3944 persona
270 3877 332 3946 ejus
345 3883 373 3931 et
388 3876 536 3948 prodentia
552 3877 595 3933 bis
607 3877 654 3949 qui
675 3894 738 3933 oum
758 3887 902 3948 noverant,
953 3873 1089 3930 bonuaria
1102 3880 1181 3929 terrm
1197 3874 1303 3944 aceepit
1317 3875 1469 3930 seeundum
1482 3874 1553 3930 velle
1566 3889 1657 3941 suum,
1670 3872 1698 3928 81
1710 3876 1765 3931 hoo

93 3963 264 4020 honorabilis
279 3974 347 4022 erat.
365 3967 472 4023 Fratres
487 3976 578 4024 autem
594 3984 663 4040 quos
672 3969 840 4026 sollertiores
854 3987 903 4028 no·
950 3963 1055 4033 iustum
1075 3960 1137 4031 suit,
1153 3963 1226 4019 Deus
1242 3963 1334 4032 justus
1346 3963 1430 4035 judex
1453 3965 1562 4020 viderit.
1577 3964 1633 4020 lloc
1646 3963 1693 4019 uhi
1719 3980 1766 4020 re·

92 4062 178 4121 verat,
209 4056 261 4111 sibi
281 4057 460 4132 adjungebat,
487 4066 514 4115 et
538 4059 580 4115 eis
598 4060 792 4118 aeclesiastica
813 4061 903 4119 officia
954 4055 1053 4111 0044044
1069 4062 1112 4110 004
1137 4069 1152 4108 0
1174 4052 1313 4122 4444444444,
1334 4054 1369 4110 40
1385 4054 1517 4123 4440444444
1542 4055 1616 4125 almd
1631 4054 1763 4110 44444044

93 4143 295 4213 contmittebat,
316 4152 344 4201 ct
363 4162 414 4218 per
432 4162 480 4203 eos
495 4146 604 4222 agebat,
628 4149 701 4220 quod
717 4166 767 4221 per
781 4167 903 4227 seagera
953 4150 1174 4217 conqueruntur.
1188 4143 1235 4199 Set
1247 4143 1275 4199 id
1291 4142 1390 4200 frustra
1404 4143 1464 4200 luit.
1480 4145 1570 4199 Abbas
1588 4144 1663 4199 enim
1679 4159 1767 4216 super

92 4237 206 4294 nolebat
227 4247 273 4296 aut
302 4255 359 4297 uon
390 4241 508 4309 valebat,
540 4244 665 4316 lienique
692 4245 901 4315 monasterium,
953 4236 1061 4309 eosqui
1082 4236 1266 4293 interfuerant
1281 4252 1389 4292 eausam
1416 4237 1555 4306 rejiciens,
1578 4236 1765 4294 deomnibus

92 4329 253 4400 claustrum,
270 4333 458 4402 relectorium,
474 4334 677 4405 dormitorium,
702 4336 860 4408 capitolium
875 4347 902 4396 et
951 4343 982 4383 00
997 4325 1118 4382 40444444
1132 4332 1301 4382 0404444444·
1324 4326 1438 4382 4044440
1458 4325 1764 4397 40404004041444404

91 4432 190 4475 omnes
205 4419 361 4477 claustralis
375 4421 458 4479 caria
473 4421 599 4482 oliieinas
620 4429 648 4480 et
663 4439 760 4480 omnes
781 4426 901 4483 exterio-
914 4396 1062 4476 Donusam
1078 4427 1210 4475 nostram.

92 4523 135 4562 res
150 4508 240 4565 curius
259 4526 308 4581 per
326 4525 374 4566 eos
393 4509 511 4567 edificiis
536 4510 703 4581 honestavit,
723 4521 751 4569 et
772 4529 899 4589 agrorum
985 4508 1030 4563 78·
1048 4508 1229 4582 Berengarins
1249 4509 1296 4580 qui
1316 4508 1450 4580 praedium
1476 4508 1551 4580 quod
1570 4508 1672 4566 dicitur
1702 4508 1763 4564 llus

90 4599 138 4669 qni
160 4598 188 4653 in
202 4600 304 4657 vicinia
318 4609 397 4659 erant
410 4602 587 4674 coemptione
602 4601 804 4675 multiplicavit.
951 4619 1014 4660 oum
1029 4617 1133 4678 genero
1149 4619 1199 4658 suo
1211 4601 1364 4659 heinhaldo
1380 4603 1480 4673 injuste
1496 4602 1667 4674 possidebat,
1683 4604 1763 4659 mul·

124 4691 169 4746 to.
187 4692 245 4748 Scit
257 4696 381 4765 prudens
398 4696 495 4765 lector,
522 4697 588 4769 quia
608 4704 716 4754 veteres
730 4706 811 4756 carta
837 4701 900 4772 plus
950 4695 985 4752 tis
999 4695 1118 4752 sillictus
1131 4695 1324 4761 incommodis,
1339 4695 1492 4752 deliberato
1507 4696 1635 4766 oonsilio,
1650 4712 1764 4769 posses·

89 4786 260 4843 auctoritatis
273 4789 376 4847 habens
394 4793 898 4868 suaincuttavesum10‚quamqu0d
949 4784 1058 4841 sionem
1074 4786 1234 4843 damnosam
1261 4786 1388 4842 vendidit
1413 4787 1522 4843 Freiero
1551 4788 1660 4843 cuidam
1676 4788 1761 4846 laico.

90 4890 163 4931 nunc
190 4876 314 4932 moderni
341 4891 512 4952 componunt
536 4884 712 4948 laccuratiori
743 4892 897 4941 venustate.
949 4875 1076 4932 freierus
1094 4875 1178 4932 404044
1208 4891 1290 4932 00044
1321 4875 1355 4946 44
1382 4875 1487 4932 4040444
1516 4878 1655 4949 (40444444,
1683 4878 1763 4950 quod

89 4963 284 5038 Quodamergo
296 4983 358 5038 quae
373 4977 451 5043 gesta
464 4979 529 5026 suut
544 4972 626 5044 huius
639 4972 746 5028 abbatis
760 4980 896 5044 tempore,
949 4972 1158 5037 comparaverat
1171 4981 1234 5022 sero
1259 4966 1388 5042 cognovit
1406 4968 1485 5025 malis
1512 4971 1703 5041 proventibus.
1724 4970 1764 5026 lle

88 5051 161 5108 sicut
176 5053 203 5108 in
226 5054 308 5111 cartis
327 5056 504 5114 continentur
518 5057 684 5117 inseruimus
703 5060 768 5116 buic
792 5061 897 5117 descri-
948 5056 1089 5127 emptione
1099 5055 1195 5128 praedii
1211 5057 1284 5129 apud
1298 5074 1364 5115 suos
1373 5061 1560 5132 conqueritur,
1579 5061 1763 5133 ecquomodo

88 5140 178 5210 ptioni
197 5153 307 5212 uostrae,
328 5144 402 5201 bona
415 5147 449 5201 od
469 5148 608 5204 suadelam
624 5150 690 5206 boni
704 5151 809 5223 operis,
825 5151 898 5207 mala
948 5144 1001 5201 hoc
1015 5152 1116 5213 careat,
1137 5145 1237 5202 tacitus
1262 5163 1357 5204 seeum
1377 5149 1489 5221 cogitat.
1511 5150 1558 5205 Cui
1575 5152 1667 5207 statim
1685 5152 1762 5224 quod

89 5228 124 5284 ad
137 5232 273 5289 cautelam
288 5233 475 5291 adhibendam
492 5239 620 5308 posteris.
948 5241 1061 5312 optabat
1070 5241 1179 5298 accidit.
1196 5242 1321 5318 Tiotgero
1337 5244 1422 5312 enim,
1437 5243 1494 5301 frlio
1509 5246 1659 5318 supradicti
1673 5246 1764 5302 llein·

101 5320 167 5416 ''l'l.
185 5323 303 5397 Campus
314 5327 426 5399 quidam
443 5328 596 5400 municipio
616 5330 715 5402 Eiueys
740 5339 809 5400 erat,
825 5348 895 5389 oon·
947 5331 1027 5400 lredi,
1043 5330 1127 5387 liliam
1143 5348 1219 5387 suam
1236 5341 1350 5405 nuptum
1372 5335 1458 5401 dedit,
1481 5351 1563 5407 qoem
1576 5335 1682 5406 praedio
1695 5350 1764 5408 per·

88 5412 196 5481 trguus;
217 5412 262 5469 hic
285 5416 405 5487 apriscis
420 5417 592 5488 temporibus
607 5420 717 5477 anostri
731 5421 783 5477 loci
798 5421 898 5478 444414
947 5421 1061 5478 ditionis
1075 5437 1137 5477 com
1153 5421 1245 5494 aliqua
1251 5431 1329 5494 parte
1344 5424 1470 5496 pecunias
1486 5424 1560 5481 dotis
1574 5425 1689 5481 nomine
1709 5424 1763 5483 do.

864 5520 967 5578 NOTAE.

119 5602 192 5671 (898)
208 5603 226 5656 ¹·
244 5622 270 5675 q·
285 5625 367 5683 supra
381 5615 508 5672 ritrteolts
527 5615 672 5673 Germanic
686 5617 778 5686 eroso,
792 5633 922 5692 agrorum
937 5633 1131 5691 possessores.
