3720 6014
149 245 217 303 tsst

651 243 793 301 aaudiat
813 241 969 301 inuratur
990 240 1136 298 nonnulii
1155 241 1306 299 renatae.

1751 248 1822 305 1232

149 379 201 436 sibi
215 377 303 452 exigit
317 377 461 432 honorem.
477 373 631 431 honorifice
643 391 693 447 ρον
704 383 758 430 tres
770 374 826 430 fere
842 373 954 430 hebdo-
968 377 993 444 Α
1008 377 1170 441 occupatus,
1197 369 1277 425 aliter
1304 369 1413 444 agebat.
1436 370 1565 441 lychnus
1591 388 1659 448 ergo
1675 373 1728 428 ille
1742 388 1826 445 quem

148 468 245 523 madas
263 465 366 540 qulbus
380 465 454 536 apud
477 479 526 521 eos
552 464 663 531 mansit,
684 479 747 520 cum
767 463 825 518 suis
848 470 890 519 est
903 463 955 518 ha-

149 560 233 616 bitus.
262 558 405 632 Siquidem
431 565 488 614 toto
504 557 551 613 illo
566 573 622 630 quo
642 572 703 612 cum
721 557 761 611 eis
776 557 872 632 deguit
885 563 955 610 tem-

149 665 228 722 pore,
257 647 384 704 oratione
411 663 461 719 pro
480 663 514 702 eo
536 646 641 703 directa
661 647 693 702 ad
720 663 801 702 aures
825 646 952 718 omnipo·

149 742 234 798 tentis
260 740 381 802 Domini.
412 738 552 812 sacrisque
582 738 747 815 pignoribus
773 738 837 795 lotis
867 755 953 807 mero,

149 835 260 908 sibique
279 836 307 891 in
326 843 392 907 potu
409 835 484 902 dato,
500 833 622 891 obtinuit
636 833 754 889 salutem
768 849 850 905 quam
866 849 955 903 expe-

150 925 239 980 tierat.
265 926 322 990 Qua
336 924 370 980 de
390 940 419 979 re
441 923 545 998 gratias
564 938 650 996 agens
675 922 799 977 omnium
816 921 955 977 Conditori

149 1014 277 1086 Patrique
291 1013 452 1080 benedicto,
473 1029 523 1085 per
542 1028 623 1085 quem
639 1021 777 1067 meruerat
787 1011 889 1077 sanari,
907 1027 955 1066 re-

148 1124 246 1164 sersus
263 1113 304 1163 est
325 1122 411 1163 ovans
422 1106 455 1162 ad
471 1122 530 1172 sua,
558 1105 816 1181 congratulantibus
831 1103 885 1159 sibi
899 1103 957 1159 suis

149 1196 444 1254 omnibusbenevolis.

183 1286 246 1342 Car.
258 1286 345 1342 xttv.
357 1317 392 1327 -
404 1287 602 1342 Translatiaais
612 1285 762 1340 celebratos.
778 1285 852 1341 Cerei
859 1283 953 1339 ablati.

148 1377 313 1434 ornamenta
329 1377 445 1446 mamis
463 1378 576 1430 intacta.
601 1372 752 1428 Translatio
768 1371 855 1427 Patris
879 1372 954 1442 ejus·

1003 457 1080 526 juxta
1102 474 1177 512 aram
1209 457 1256 512 Dei
1288 457 1433 535 Genitricis
1458 461 1578 531 positum
1601 460 1663 518 lore
1688 460 1826 529 diximus,

1005 564 1089 620 snper
1104 549 1231 605 eamdem
1252 549 1374 605 concidit
1387 567 1474 619 aram,
1495 551 1598 608 testatis
1614 560 1748 624 tempore
1764 568 1828 608 cera

1004 643 1145 709 emollita;
1161 659 1208 698 ara
1223 651 1316 699 autem
1328 644 1397 716 ipsa.
1416 645 1451 700 ob
1465 646 1538 701 diem
1554 646 1712 703 solemnem
1725 646 1828 702 cultio-

1005 731 1083 787 ribus
1107 733 1366 789 t'elisrelataerat.
1393 734 1488 807 ltaque
1517 735 1564 791 illo
1593 743 1653 792 toto
1680 751 1828 792 morarum

1006 825 1108 897 spatio,
1130 842 1185 898 quo
1215 826 1315 882 iratres
1346 827 1381 883 ad
1415 829 1607 899 prandendum
1643 830 1827 898 resederunt,

1006 918 1124 990 lychnus
1140 921 1187 976 ille
1203 922 1416 977 coruscantibus
1430 923 1734 996 flammissuperaram
1751 927 1827 993 arsit,

1008 1012 1239 1081 permanentibus
1267 1014 1361 1069 illaesis
1376 1014 1477 1086 quibus
1489 1017 1623 1088 adoperta
1647 1016 1744 1073 luerat
1761 1032 1828 1090 ope-

1006 1106 1142 1174 rimentis,
1168 1108 1294 1182 vestigiis
1321 1108 1454 1164 duntaxat
1481 1110 1685 1181 apparentibus
1710 1111 1828 1168 cineris.

1007 1193 1092 1267 lgitur
1104 1196 1196 1265 pransi
1212 1195 1310 1252 iratres
1324 1197 1470 1253 ecclesiam
1494 1206 1592 1270 petunt
1619 1201 1691 1272 (35),
1725 1202 1828 1276 gratia·

1006 1305 1065 1343 rum
1076 1290 1200 1346 actiones
1211 1291 1394 1363 omnipotenti
1406 1292 1522 1349 Domino
1532 1294 1745 1366 persolventes.
1761 1294 1827 1349 Cer-

1007 1382 1104 1433 nentes
1119 1394 1184 1434 rero
1195 1378 1323 1450 lychnum
1347 1379 1477 1446 incitari,
1493 1388 1654 1450 accurrunt,
1674 1383 1828 1453 opinantes

148 1469 212 1525 dem
227 1468 369 1542 agebatur,
397 1483 458 1540 quae
481 1467 583 1523 aestatis
605 1474 741 1536 tempore,
768 1480 818 1535 per
843 1479 954 1520 omnem
1006 1466 1099 1521 omnia
1122 1466 1208 1522 lintea
1228 1466 1302 1522 illius
1326 1466 1392 1538 igne
1411 1476 1584 1540 consumpta.
1610 1469 1827 1541 comperientes

148 1561 262 1617 Galliam
282 1560 400 1637 singulis
414 1559 571 1616 celebratur
585 1559 673 1613 annis.
700 1558 855 1612 dstantem
873 1556 957 1612 moris
1006 1564 1098 1612 autem
1114 1556 1174 1613 lore
1189 1557 1270 1630 [esse]
1287 1575 1320 1614 ea
1341 1558 1435 1623 illaesa,
1458 1560 1559 1634 gratias
1581 1560 1716 1618 referunt
1736 1563 1827 1618 omni·

147 1668 255 1719 eorum,
275 1653 374 1725 quide
390 1651 493 1707 familia
507 1651 593 1706 Patris
605 1650 765 1725 progeniem
781 1665 842 1706 sese
853 1649 955 1704 ducere
1007 1649 1112 1718 potenti
1135 1649 1265 1716 bomine,
1281 1650 1328 1723 qul
1344 1658 1420 1706 tanta
1434 1651 1475 1705 eis
1493 1649 1633 1708 beneficia
1655 1653 1828 1726 dignabatur

146 1742 330 1817 gratulantur,
348 1757 550 1814 quemcumque
565 1740 654 1797 locum
672 1739 822 1795 Patriciaco
832 1738 954 1794 vicinum
1005 1736 1154 1792 ostendere
1171 1753 1223 1809 per
1235 1737 1322 1793 Patris
1334 1753 1432 1794 corum
1445 1739 1555 1796 merita.

147 1834 279 1902 incolant,
307 1832 342 1889 ar]
362 1833 435 1888 idem
465 1833 562 1888 iestum
596 1847 753 1894 occurrere,
787 1837 814 1886 ot
838 1831 953 1902 lychnos
1040 1828 1102 1883 Cae.
1118 1827 1191 1883 xit.
1207 1859 1242 1869 -
1259 1831 1316 1885 Far
1338 1832 1367 1886 ta
1390 1831 1702 1901 suspendiaiacotrtms‘s
1734 1850 1826 1890 amaa-

147 1940 319 1996 quoscoram
345 1924 422 1978 altari
438 1925 481 1980 sui
502 1924 655 1980 accendant
675 1923 792 1991 domini,
812 1922 848 1978 ob
868 1923 953 1978 devo·
1003 1924 1055 1974 tus.
1074 1920 1203 1985 Quadam
1220 1937 1290 1976 anus
1302 1921 1336 1977 de
1351 1937 1434 1993 supra
1447 1923 1594 1979 memorati
1608 1924 1826 1996 Patrislamilia‚

148 2021 251 2077 tionem
265 2020 373 2077 afferre,
392 2021 466 2076 lnter
478 2020 600 2091 reliquos
616 2019 710 2094 igitur,
723 2019 954 2092 quidameorum,
1005 2002 1179 2070 necessariis
1193 2015 1323 2070 omnibus
1347 2015 1453 2091 indiga,
1481 2018 1571 2077 solum
1598 2035 1659 2074 suae
1683 2020 1826 2076 viduitatis

148 2113 298 2169 lietbertus
325 2112 448 2180 nomine,
476 2111 566 2167 incola
604 2112 686 2167 castri
719 2111 795 2183 quod
822 2110 954 2166 Luciacus
1003 2105 1199 2160 etsenectutis
1225 2105 1353 2162 baculum
1382 2106 1500 2165 habebat
1528 2107 1631 2165 lilium.
1658 2111 1712 2168 llic
1735 2123 1824 2168 autem

146 2212 270 2274 vocatur,
284 2205 380 2260 venire
409 2203 552 2270 festinans,
582 2203 656 2259 haud
681 2203 845 2275 spernendae
866 2218 955 2275 quan·
1005 2193 1530 2269 ¹¹0¹1h⁸b⁰11811ssd⁰mairlsilwplam
1559 2206 1749 2271 suslessiareb
1766 2219 1823 2258 ⁶¹¹¹ss

146 2299 232 2355 yqaq„
245 2299 387 2373 lychnum,
414 2298 457 2354 sui
483 2298 609 2356 affectum
632 2299 718 2355 animi
744 2314 809 2374 erg,
824 2298 953 2354 eumdem
1001 2281 1096 2339 labore
1111 2300 1223 2339 suarum
1233 2300 1365 2341 manuum
1381 2287 1506 2369 rictuset
1521 2288 1642 2345 vestitus
1657 2290 1821 2347 necessaria

146 2394 253 2450 Patrem
267 2393 423 2465 declarans,
442 2393 551 2451 obtulit.
563 2395 648 2460 Quam
668 2394 694 2449 in
709 2393 804 2467 vigilie
818 2393 953 2449 solemni·
1003 2373 1028 2429 05
1053 2374 1163 2446 ⁸5¹³qu
1189 2391 1365 2449 nequaquam
1392 2379 1573 2450 suppeditare
1600 2382 1723 2447 valeret,
1750 2382 1823 2438 simii

145 2489 210 2545 mis
224 2490 376 2546 accendam
389 2490 502 2558 faciens,
532 2489 638 2565 rogavit
657 2490 775 2546 aedssuos
795 2505 879 2546 sm
898 2489 951 2544 ba,
1005 2466 1057 2522 hoc
1073 2466 1204 2539 supplere
1223 2467 1355 2526 decrevit.
1372 2470 1506 2526 insistens
1523 2471 1611 2546 igitur
1627 2472 1753 2544 nefario,
1773 2475 1822 2529 mi-

145 2582 240 2650 silicae,
260 2589 398 2655 quatenus
424 2599 474 2655 per
500 2588 587 2640 totum
612 2582 673 2639 lesti
702 2582 775 2639 diem
799 2598 866 2638 suus
897 2597 954 2638 non
1005 2557 1299 2660 ”immuaequelflffi
1317 2561 1484 2633 ⁸⁰b¹ll5⁰¹¹³r
1508 2557 1644 2634 panlflllm
1663 2566 1702 2621 ad
1724 2568 1823 2636 maim

144 2672 367 2747 exstingueretur
389 2672 518 2744 lychnus,
544 2672 605 2740 sed,
640 2671 850 2728 coruscantibus
878 2670 955 2726 llam·
1004 2647 1132 2703 andenda
1152 2658 1287 2721 Ps⁰s¹¹l³¹¹·
1304 2651 1401 2706 Omnia
1421 2667 1485 2708 V⁰l⁰
1500 2668 1563 2724 (1¹¹ae
1587 2652 1751 2723 lumbam&
1767 2672 1822 2711 ml·

144 2759 208 2826 mys,
228 2761 257 2815 jn
271 2776 393 2834 sequens
411 2761 572 2832 perdum,
584 2776 676 2818 mane·
692 2760 769 2827 Quod
785 2760 893 2832 absque
904 2759 954 2815 dis,
1004 2740 1036 2794 tri
1050 2739 1191 2809 deferens,
1205 2757 1265 2797 earn
1296 2743 1397 2800 exinde
1414 2743 1516 2811 alebat,
1537 2745 1693 2816 vestiebat,
1716 2756 1744 2803 et
1766 2763 1821 2805 om·

144 2847 266 2905 ficultate
280 2850 354 2922 apud
369 2866 417 2907 eos
434 2850 565 2906 obtinuit.
582 2851 652 2924 Ergo
667 2866 800 2906 accensus
814 2865 876 2905 cum
889 2848 952 2904 aliis
1003 2850 1066 2889 ”0¹¹¹
1082 2834 1157 2890 illius
1172 2837 1344 2894 δΰὸῑθῃῑθῦθῑ
1373 2846 1534 2914 θὸθῦῑδῑθῐΰ·
1560 2840 1632 2896 Dum
1657 2851 1756 2898 aulem
1778 2859 1823 2914 l'er

122 2934 501 3010 'quampluribusadivcrsi
521 2955 603 2995 sexus
618 2939 744 3012 personis
760 2938 853 2993 itidem
869 2937 951 2994 obla·
1002 2926 1174 2998 aliquantum
1217 2931 1359 3001 lemll⁰fi⁸2
1393 2930 1520 3002 ⁰0P11¹⁸i0
1549 2932 1606 2987 Sibi
1641 2934 1737 3002 ⁸⁰0102
1775 2936 1823 2991 ¹¹⁰⁰

143 3026 179 3081 tis
201 3027 268 3082 arsit
282 3043 331 3096 per
356 3033 440 3082 totam
458 3028 531 3082 illam
554 3043 659 3083 sacram
685 3034 794 3083 noctem
819 3027 950 3098 diemque
966 3021 1165 3122 consecrabili
1181 3023 1248 3079 vitio
1264 3023 1371 3081 illectus
1384 3024 1465 3094 soret,
1480 3026 1568 3082 multa
1588 3028 1651 3084 suis
1669 3029 1822 3100 importans

142 3113 255 3183 festum,
282 3114 371 3171 donec
390 3115 522 3171 solemnis
548 3116 638 3171 missae
654 3123 892 3173 consummaretur
904 3131 951 3171 ce·
1001 3116 1102 3172 damna
1137 3117 1258 3184 ricinis,
1299 3120 1501 3192 comperientes
1531 3121 1571 3177 illi
1606 3123 1819 3181 adolescentem

142 3204 270 3262 lebratio.
300 3207 356 3272 Qua
389 3208 509 3279 expleta,
543 3206 641 3264 iratres
668 3206 739 3264 fessa
767 3208 900 3284 vigilandi
923 3215 951 3264 et
1000 3205 1102 3277 ipsum,
1123 3206 1212 3262 viduae
1231 3206 1381 3264 illiussuae
1399 3209 1499 3266 sicinae
1518 3209 1619 3280 filium,
1638 3229 1755 3270 suarum
1780 3230 1819 3269 re·

141 3299 278 3370 psallendi
299 3300 393 3358 labore
407 3316 522 3373 corpora
542 3302 624 3358 solito
639 3301 780 3374 copiosius
792 3303 948 3368 relevaturi,
1001 3311 1060 3350 rum
1075 3302 1178 3352 taniam
1194 3297 1246 3352 Sibi
1265 3298 1354 3354 facere
1381 3299 1619 3369 immissssllfflwm,
1637 3305 1763 3375 quadam
1779 3305 1819 3360 die

141 3391 253 3447 domum
265 3392 580 3451 relectionisintrarunt.
590 3394 673 3451 Porro
689 3394 883 3466 apocrisiarius
894 3395 949 3469 (34)
1000 3385 1065 3441 <lum
1085 3386 1168 3442 s0¹il⁰
1195 3402 1272 3443 m⁰re
1287 3386 1437 3457 furaielub
1453 3388 1643 3462 inlesoeplum
1661 3407 1726 3447 eum
1738 3393 1821 3449 sodali

141 3483 230 3555 ipsius
245 3485 316 3542 sacri
336 3485 400 3553 loci,
421 3502 488 3542 sane
503 3487 545 3542 sir
561 3487 716 3556 modestus,
737 3487 835 3545 iterius
856 3487 949 3543 nomi·
1000 3483 1199 3547 praesentarunt
1224 3477 1378 3548 ludiclsssiae
1405 3479 1546 3551 li⁰¹0⁸l³lls
1572 3482 1819 3556 Obiicienlestltlae

140 3586 187 3638 ne,
203 3572 273 3629 laico
295 3573 417 3643 cuidam,
437 3575 484 3646 qui
504 3575 556 3630 sub
576 3591 610 3631 eo
625 3575 711 3647 ipsius
730 3575 852 3632 basilieae
867 3592 950 3632 excu-
999 3571 1194 3628 commiserant
1216 3571 1349 3629 facinora.
1375 3575 1497 3632 convicti
1526 3590 1595 3650 ergo
1611 3577 1817 3646 adolescentes,

140 3662 201 3718 bias
222 3664 371 3722 observare
395 3665 514 3734 solebat,
540 3667 694 3743 ingoberto
722 3667 846 3735 nomine,
870 3667 947 3723 iniit:
995 3650 1118 3732 'adjucsti
1149 3667 1215 3717 sunt
1233 3662 1385 3734 suspendio
1410 3663 1500 3735 perire
1530 3664 1649 3720 debere„
1673 3667 1818 3723 Enimsem

139 3757 284 3824 dlifratcr,
299 3760 430 3829 quoniam
442 3775 503 3814 cum
511 3763 613 3815 ceteris
625 3763 772 3830 pransuris
790 3765 816 3816 ct
827 3776 875 3829 eqo
890 3761 948 3816 dis·
997 3770 1067 3811 anus
1089 3755 1146 3823 illa,
1172 3773 1254 3828 quam
1274 3763 1388 3813 matrem
1416 3758 1603 3815 adolescentis
1623 3761 1713 3816 unius
1736 3761 1818 3818 lnism

136 3853 218 3920 posui
228 3852 379 3923 prandere,
395 3857 425 3908 tn
443 3858 531 3910 cttstos
556 3856 762 3925 perticationes
779 3856 949 3926 neutiquam
997 3850 1127 3920 diximus,
1147 3852 1265 3908 audiens
1284 3852 1370 3909 lilium
1391 3870 1471 3910 suum
1491 3855 1555 3910 duci
1576 3855 1610 3911 ad
1629 3857 1816 3926 suspendium

140 3941 171 3994 t'n
185 3941 233 3995 hoc
247 3946 337 4011 spatia
356 3945 529 4000 incurramus
551 3946 755 4013 neptiqentiam,
768 3947 903 4012 inuestiqa
917 3961 949 3999 aa
997 3944 1097 3999 anhelo
1117 3960 1197 4000 cursu
1214 3944 1325 4002 festinat
1340 3946 1375 4001 ad
1391 3947 1603 4014 monasterium,
1629 3955 1660 4004 et
1676 3950 1813 4024 ingressa,

139 4029 234 4098 aliqua
248 4030 377 4098 maliana
390 4032 538 4087 uoluntatis
551 4048 668 4103 persona
680 4035 749 4088 barte
759 4035 900 4089 basilicam
912 4037 950 4089 sit
999 4034 1041 4090 his
1055 4035 1168 4091 vocibus
1188 4036 1294 4091 Patrem
1312 4037 1462 4109 compellat
1485 4037 1688 4093 Benedictum:
1704 4042 1819 4104 Domita

137 4117 271 4183 inpressa,
290 4120 404 4187 capisam
418 4119 531 4189 nliqrtoai
544 4121 618 4175 nabis
634 4122 945 4188 interredetrt'merttnm,
997 4134 1046 4199 mi,
1065 4132 1165 4205 inquit,
1187 4134 1335 4200 Benedicta,
1364 4133 1525 4204 quidtaciet
1554 4135 1609 4189 boc
1643 4139 1694 4190 tua
1714 4138 1816 4191 misera

138 4206 271 4261 custodita
284 4221 317 4262 ae
328 4209 430 4279 aliquis
442 4224 477 4264 ea
486 4209 689 4277 (clamantibus
701 4210 806 4279 inclinis
821 4214 851 4266 ia
862 4212 948 4266 attari
997 4225 1107 4292 ancyra,
1128 4240 1188 4293 (μω)
1213 4225 1318 4280 „aarum
1331 4226 1418 4291 atqup,
1435 4230 1467 4281 ur
1491 4229 1521 4280 su
1536 4226 1635 4281 metm,
1654 4231 1755 4294 nosti,
1774 4229 1808 4282 M

138 4294 263 4351 &cidare
288 4296 390 4352 ἀανννννα
411 4298 512 4365 inferat
531 4298 572 4352 nel
586 4298 702 4366 modica,
723 4303 747 4352 et
766 4303 797 4354 at
821 4302 946 4354 certiores
997 4316 1089 4372 popam
1108 4316 1271 4386 ,qffrwyum
1304 4322 1403 4388 pm„
1422 4319 1492 4373 qum
1515 4333 1603 4373 meum
1635 4323 1750 4387 napum,
1771 4322 1819 4391 qm·

139 4388 234 4453 ⁸t'mtl8,
259 4390 508 4459 cilwmipiiissmui
534 4390 648 4459 effidem,
675 4392 793 4461 qualiter
817 4392 945 4447 Camilla·
962 4406 1072 4500 Dmodo
1095 4407 1203 4461 ducitur
1217 4406 1254 4461 ad
1270 4408 1460 4477 suppliciam?
1481 4408 1600 4476 Tuscis,
1620 4408 1817 4481 dominaque

141 4478 298 4550 sesamae
316 4482 525 4551 snrstirclnos-
542 4481 748 4553 dispereatis,
769 4498 830 4554 ouae
847 4497 948 4553 prouo-
997 4497 1073 4549 nram
1101 4498 1259 4550 necesstiate
1284 4501 1401 4564 conans,
1425 4498 1505 4564 saraa
1536 4496 1591 4551 aaa
1621 4500 1815 4554 commutetur.

139 4578 263 4637 suamne,
277 4578 432 4646 persanata
453 4574 584 4644 lychnum
615 4581 707 4630 autem
724 4573 812 4640 rtrum,
842 4573 877 4628 aa
892 4589 947 4645 qao
997 4586 1097 4654 uenae,
1117 4588 1287 4653 manamaur,
1315 4590 1383 4643 matr
1408 4588 1495 4657 attam
1513 4603 1612 4651 raam,
1630 4590 1685 4644 raas
1715 4606 1816 4647 amaa

140 4660 227 4733 coepit
240 4676 323 4733 agere
339 4676 440 4726 sermo,
460 4668 572 4733 propter
591 4677 665 4717 aram
681 4662 810 4735 gloriosas
829 4662 877 4718 ilci
899 4662 948 4718 Ge·
997 4681 1072 4732 quum
1097 4677 1159 4747 jam
1178 4678 1212 4732 de
1229 4679 1333 4748 reliquo
1360 4682 1521 4747 mptum,
1542 4678 1590 4747 qm·
1618 4694 1697 4734 meas
1720 4681 1816 4737 sorem,

140 4755 334 4828 ultriciaque
349 4756 376 4811 in
390 4757 487 4811 eadem
510 4756 628 4812 ecclesia
648 4757 767 4827 primum
783 4755 892 4813 obtinet
906 4756 948 4811 lo·
997 4781 1141 4834 aemmnas,
1156 4781 1189 4821 aa
1201 4767 1284 4833 sama
1298 4767 1390 4822 catedra
1403 4766 1543 4836 dispereat
1561 4765 1619 4822 tm
1636 4771 1688 4822 rua
1703 4770 1813 4826 anostra,

138 4862 211 4915 cnm,
225 4854 361 4917 statuunt,
388 4849 512 4904 mucroni
539 4848 641 4904 arctius
660 4848 853 4920 imprimentes
880 4863 946 4903 can·
997 4853 1112 4910 Ostende
1138 4859 1213 4910 taam
1234 4854 1341 4910 solitam
1362 4856 1491 4925 pietatem
1514 4856 1546 4910 ia
1565 4871 1609 4910 me
1631 4860 1813 4930 paupercuia,

138 4939 255 5008 delabri,
270 4940 306 4996 de
318 4940 379 5011 ejus
393 4938 490 4996 conlisi
515 4939 710 4996 crassitudine.
733 4939 839 5006 Quibus
851 4948 945 5012 patra·
996 4948 1091 5014 taayat
1104 4961 1163 5001 mco
1188 4947 1357 5016 querimonia
1376 4949 1424 5000 tao
1435 4946 1485 5017 pia
1499 4948 1616 5002 viscera.
1635 4946 1685 5005 llis
1713 4958 1743 5007 et
1757 4951 1813 5006 aliis

137 5031 182 5100 tis,
210 5030 293 5088 frater
314 5032 490 5105 supradictus
516 5032 550 5088 ad
577 5031 724 5104 prandium
752 5032 859 5089 accedit
882 5048 944 5089 cum
995 5033 1150 5107 querulosis
1164 5034 1313 5106 gemitibus
1324 5033 1437 5107 perlusa
1449 5050 1536 5110 genas
1552 5034 1702 5109 lacrymis,
1719 5057 1812 5113 preces

136 5125 244 5183 caetcris
260 5126 423 5184 reiecturus.
441 5126 491 5192 Qui
506 5142 572 5183 vero
598 5127 632 5182 ad
654 5126 807 5183 custodiam
832 5126 945 5184 relictus
994 5125 1138 5183 fundebat.
1164 5123 1261 5181 Flexns
1275 5126 1311 5181 ad
1338 5127 1557 5185 miscricordiam
1572 5127 1658 5186 Pater
1680 5133 1749 5204 pius
1765 5134 1811 5189 mi·

109 5210 112 5215 ⁴
136 5224 179 5273 est
204 5217 300 5286 laicus,
322 5218 351 5274 in
370 5217 517 5293 assignatis
532 5217 585 5273 sibi
604 5217 696 5273 miuus
710 5233 792 5291 quam
811 5218 945 5275 debuerat
994 5214 1107 5273 secabili
1122 5214 1204 5287 hujus
1222 5214 1338 5273 aniculae
1362 5224 1473 5290 questu,
1496 5219 1626 5276 exhibuit
1646 5223 1811 5300 prodigium

172 5421 226 5493 till)
241 5421 441 5493 apocrisiarius
455 5423 483 5478 in
495 5424 671 5481 monasteriis
686 5432 745 5480 erat
759 5424 877 5481 aedituus
893 5425 941 5480 ba·
992 5440 1022 5479 se
1034 5424 1106 5497 apud
1128 5424 1247 5492 majores
1266 5430 1376 5480 nostros
1390 5429 1420 5479 ut
1445 5421 1547 5503 gratias
1565 5425 1657 5479 aetnri
1694 5434 1762 5500 post
1779 5428 1816 5484 ci·

131 5491 227 5558 silicae,
250 5501 280 5548 nt
305 5499 382 5565 patet
407 5511 440 5552 ex
464 5497 516 5552 hoc
546 5497 617 5553 loco.
645 5495 707 5552 aliis
737 5496 884 5552 Arclrarius
913 5497 940 5551 in
992 5495 1221 5552 bumoeelesiam
1241 5497 1361 5559 adirent,
1389 5494 1626 5565 noncaprtulurn.
1658 5498 1745 5563 Quod
1774 5516 1815 5572 pa·

27 5651 35 5659 Π
80 5614 100 5631 „
119 5556 193 5684 'ff
207 5565 249 5620 Dc
273 5567 420 5625 miraculis
437 5567 464 5626 S.
488 5567 575 5627 ldauri
602 5567 722 5639 abbatis,
741 5584 819 5625 num.
834 5568 882 5638 Ἠ,
894 5583 940 5624 su·
991 5574 1079 5697 tgxtssch
1095 5567 1224 5640 capitulis
1241 5568 1269 5624 S.
1291 5567 1359 5624 Galli
1383 5565 1596 5637 monachorum,
1629 5583 1699 5642 cap.
1726 5570 1773 5640 22,
1792 5577 1817 5627 et

104 5642 196 5774 pt35)
211 5704 254 5761 Ea
271 5707 329 5765 troc
356 5712 422 5774 laco
440 5726 469 5776 et
488 5719 589 5778 nrultis
608 5717 673 5777 aliis
688 5723 767 5791 patet
780 5714 871 5774 moris
890 5712 961 5771 luis·
1070 5682 1076 5695 ⁵
