3720 6014
119 221 171 280 687

718 215 894 271 stuuuuurt
915 214 1172 272 camalecensis·

1731 226 1791 283 688

119 353 219 411 semita
245 349 401 405 interclusa.
422 347 454 400 llt
477 347 635 402 Ererelmus
658 347 686 402 in
709 347 764 402 lieo
780 356 808 402 et
831 353 926 401 sancto
936 357 965 422 Α
978 351 1113 415 pronioris
1127 350 1195 403 mati
1213 353 1323 406 occasio.
1353 353 1499 420 Postquam
1518 352 1588 406 enim
1615 357 1694 424 cepit
1707 357 1793 413 ilium

118 445 257 500 wicberto
271 439 404 509 conlisus,
419 455 508 510 usque
522 439 557 494 ad
572 438 636 511 galli
649 446 759 494 carrium
773 436 860 507 jacuit
874 450 923 506 spe

116 538 175 593 sola
190 535 334 589 animatus.
366 532 441 588 Gallo
456 548 521 587 xero
536 539 664 595 canente,
685 529 803 586 accinxit
816 547 845 584 se
862 528 922 582 ani-

115 629 153 684 mi
174 626 345 692 fertitudine,
362 632 389 680 ct
404 640 521 699 surgens
544 623 654 679 volebat
671 623 758 677 aliine.
780 623 812 676 tt
830 622 921 685 lesus,

115 716 162 789 qui
190 721 308 771 canente
333 714 406 788 gallo
425 713 546 768 lPetrum
576 710 764 767 lacrimantem
791 709 921 782 respexit,

115 814 232 862 canente
248 804 320 879 galle
345 803 428 858 etiam
443 802 615 857 Everelmum
641 800 810 855 lacrimando
839 815 922 854 oran-

114 905 168 953 tem
184 896 316 967 respexit,
332 903 359 950 et
374 894 439 967 quia
459 910 521 950 eum
536 893 646 963 pietatis
665 893 746 948 oculo
758 891 920 962 respexerit,

114 986 168 1041 hoc
180 983 445 1057 primumjurlicium
460 982 520 1038 luit.
534 983 654 1038 Casinate
666 981 751 1056 gallo,
767 997 839 1035 riuus
854 981 922 1035 Ere·

114 1074 192 1129 relmi
219 1089 268 1146 pes
287 1072 392 1128 solutus
412 1077 482 1127 esta
501 1070 572 1126 boiae
591 1070 712 1134 viuculo,
727 1086 844 1141 eamque
860 1085 922 1140 par-

113 1169 169 1219 tem
185 1163 257 1219 boiae
282 1161 398 1237 alligans
413 1160 484 1215 cruri
508 1176 558 1216 sao
574 1159 673 1214 invasit
692 1159 764 1213 viam
785 1158 858 1213 [clici
872 1174 922 1212 au-

113 1253 212 1326 spicio,
229 1269 340 1325 semper
353 1259 478 1307 sanctum
500 1250 548 1305 liei
570 1248 737 1304 Wiebertum
754 1249 920 1305 invocando.

112 1346 259 1402 l'rustratis
285 1360 351 1421 ergo
367 1343 497 1400 omnibus
517 1358 546 1396 sc
567 1341 765 1413 quarentibus,
783 1340 840 1396 ibat
866 1347 921 1395 tota

112 1442 192 1491 noete
212 1435 319 1489 Christo
340 1432 409 1488 duce
428 1437 514 1499 tutus,
540 1435 636 1485 sancto
661 1428 799 1484 Wicberto
825 1428 918 1483 subsi-

110 1525 343 1582 diantesecurus.
371 1525 402 1579 lit
425 1539 506 1578 mane
522 1522 637 1577 veniens
664 1521 699 1575 ad
723 1520 930 1575 Fraxinensem

972 444 1060 499 tedere
1070 458 1150 512 saper
1162 443 1242 507 tenero
1258 443 1388 498 dilatione
1411 443 1603 512 redemptionis
1619 462 1691 514 meae,
1704 465 1791 518 quam

971 535 1092 599 qrrrritcr
1106 534 1135 584 in
1150 547 1191 585 nie
1210 535 1351 598 emerserit,
1366 549 1399 586 ca
1415 534 1461 588 boc
1477 550 1529 588 uno
1543 535 1661 604 intelligi
1673 542 1788 605 poterit.

972 623 1031 678 Nan
1043 624 1180 674 contactas
1199 636 1254 674 esse
1273 624 1426 676 constrictos
1449 624 1530 693 podes
1548 639 1618 679 meos
1638 626 1688 680 bac
1703 629 1789 695 praei

972 710 1164 781 quamaidctis
1190 711 1261 796 bpia,
1280 711 1392 780 poitiers
1415 715 1440 766 et
1458 713 1613 768 corrbinatos
1639 719 1788 786 utriusque

971 815 1067 853 marias
1094 815 1157 853 mem
1186 799 1286 865 diqitos
1315 801 1450 854 artissime
1475 805 1637 857 constrinxit
1676 807 1789 861 arcuali

970 890 1062 944 corda.
1079 889 1138 956 Qua
1156 903 1235 958 parra
1249 904 1309 957 quae
1324 894 1413 958 potest
1432 906 1486 944 csse
1501 895 1611 959 pravior
1630 898 1787 962 angustia?

970 984 1027 1048 Epo
1041 985 1078 1034 tot
1093 981 1225 1034 malarum
1236 985 1371 1050 pertesus,
1392 983 1528 1037 dominica
1541 989 1615 1040 nocte
1627 991 1690 1055 post
1701 1003 1787 1056 roqu-

969 1078 1053 1130 tiones
1072 1066 1130 1129 cerm
1151 1075 1230 1130 corde
1255 1091 1311 1129 meo
1331 1077 1443 1143 locatas,
1470 1084 1593 1134 sarratam
1618 1083 1787 1138 Wicbertam

969 1183 1047 1236 quom
1058 1167 1175 1221 solebam
1184 1169 1312 1221 invocare
1325 1169 1505 1238 frequentias,
1532 1172 1609 1225 inodo
1620 1175 1786 1229 invocabam

969 1259 1100 1313 devotius.
1118 1256 1152 1313 at
1167 1260 1368 1328 erumpentibus
1383 1262 1503 1317 lacrimis
1523 1264 1555 1317 dc
1568 1266 1708 1332 prestando
1723 1282 1786 1321 cor-

969 1349 1022 1414 dis,
1034 1349 1076 1403 bis
1088 1349 1198 1403 orabam
1211 1350 1319 1404 uerbis:
1340 1375 1346 1395 ·
1367 1352 1464 1406 Sancto
1482 1353 1708 1425 Wicbcrte,qaem
1724 1372 1785 1411 om·

968 1452 1013 1492 aes
1028 1439 1209 1507 eaperimcato
1228 1438 1340 1493 credunt
1354 1455 1408 1495 esse
1423 1455 1477 1495 crim
1488 1444 1567 1511 pium
1582 1447 1606 1497 rt
1627 1447 1683 1499 tam
1692 1461 1781 1500 cauu-

968 1528 1088 1594 dibilcm,
1100 1545 1148 1583 car
1162 1531 1203 1583 ita
1222 1529 1377 1585 obduruisti
1395 1537 1489 1587 contro
1502 1550 1543 1588 me
1561 1539 1739 1604 peccatorem,
1756 1543 1782 1592 tc

111 1623 264 1680 aecclesiam
279 1631 393 1694 propter
404 1636 433 1676 se
449 1620 614 1692 capiendum
629 1635 645 1674 a
659 1617 808 1674 Petronilla
822 1617 918 1671 incen-
966 1633 1024 1687 pra
1038 1620 1160 1674 amitibus
1179 1622 1279 1674 sacratis
1296 1621 1463 1689 fiducialiter
1479 1625 1668 1679 invocantem?
1684 1629 1779 1681 Tanta

110 1727 180 1778 sam,
196 1711 298 1786 gratias
313 1709 369 1777 egit
379 1716 474 1764 sancto
489 1709 580 1775 Petra,
597 1707 643 1778 qui
658 1723 687 1762 se
707 1706 805 1761 vadem
820 1705 919 1761 obtulit

110 1799 267 1856 Petronillae
282 1814 332 1871 pre
349 1815 381 1854 eo
404 1797 583 1854 absolvendo.
599 1797 632 1852 Et
644 1811 699 1852 non
720 1796 843 1870 ingratus
856 1812 920 1850 san-

111 1902 155 1951 cto
168 1893 309 1950 Wieberto
333 1893 376 1951 cui
396 1899 457 1965 post
479 1892 564 1948 Deum
584 1908 719 1947 summam
736 1907 792 1946 sure
812 1891 919 1946 absolu·

110 1988 193 2046 tionis
209 1989 359 2055 commisit,
385 1995 521 2060 oportune
540 1987 575 2042 ad
595 1986 655 2057 ejas
675 1986 812 2041 tumulum
831 1985 918 2052 xenit,

109 2085 136 2135 et
148 2079 183 2134 ad
202 2078 391 2135 testimonium
411 2077 511 2133 divinae
525 2076 632 2132 virtutis
647 2075 738 2131 boiam
759 2092 820 2131 cum
835 2074 917 2130 lacri-

108 2173 162 2226 mis
175 2171 353 2230 exultatiouis
367 2170 469 2226 tumbae
485 2172 545 2239 eius
559 2169 747 2241 superposuit.
769 2170 853 2233 Quam
870 2167 917 2238 qui

107 2267 192 2335 videt,
208 2268 310 2342 gratias
326 2268 380 2323 lieo
396 2266 500 2322 referre
519 2266 613 2333 debet,
630 2263 705 2338 quod
721 2270 831 2319 sanctos
851 2278 917 2319 suos

107 2357 146 2414 ita
160 2356 305 2431 glorificat.

143 2447 170 2501 6.
197 2446 295 2501 Mulier
314 2446 431 2502 oriunda
459 2445 493 2502 de
520 2445 586 2502 villa
610 2453 710 2501 nestrae
738 2443 916 2500 fraternitatis

107 2534 215 2601 amnia,
231 2534 319 2590 nimio
334 2534 429 2591 dolore
443 2534 568 2590 dentium
584 2537 670 2591 multo
694 2544 818 2606 tempore
830 2534 917 2604 jacuit

107 2621 219 2677 alilicta.
236 2621 267 2676 lli
292 2622 424 2678 invocans
443 2639 544 2679 nomen
567 2624 654 2678 saneti
678 2621 821 2688 wicberti,
849 2621 916 2677 affe-

108 2719 203 2767 ctuose
220 2710 384 2782 implorabat
402 2719 433 2767 ut
454 2711 508 2767 sibi
529 2712 691 2786 dignaretur
705 2712 839 2767 auxiliari.
861 2711 915 2766 Nec

105 2804 133 2860 id
158 2805 258 2862 frustra
282 2805 342 2863 fuit.
360 2805 484 2880 llitigato
510 2805 585 2860 enim
614 2805 719 2871 dolore,
746 2811 915 2875 expertaest

105 2911 208 2952 nomen
220 2892 307 2952 sancii
329 2895 460 2952 Wicberti
477 2912 506 2951 se
531 2896 724 2967 invocantibus
738 2911 799 2950 esse
819 2895 913 2966 propi-

931 1669 956 1737 Β
969 1723 1010 1761 ma
1022 1712 1145 1762 corrrtant
1156 1710 1302 1778 anqustiis,
1316 1714 1345 1763 at
1351 1710 1412 1779 jam
1422 1726 1456 1765 ea
1470 1713 1657 1782 desperatione
1673 1717 1783 1770 timeam

967 1800 1117 1869 periculam
1138 1803 1235 1855 anime
1247 1817 1320 1869 mea,
1333 1804 1388 1857 uisi
1403 1804 1525 1871 digneris
1536 1806 1712 1877 jarnjamque
1727 1810 1784 1862 mi-

969 1889 1014 1943 cla'
1025 1888 1173 1944 actuariae.
1193 1908 1205 1940 o
1222 1891 1288 1946 Cam
1299 1891 1391 1946 tati-ter
1415 1907 1533 1957 orarem,
1556 1900 1662 1950 tantum
1682 1899 1715 1952 in
1728 1897 1785 1952 loco

968 1978 998 2033 in
1018 1996 1071 2048 qao
1081 1980 1206 2049 jacebam
1219 1984 1292 2036 sensi
1306 1998 1360 2037 esse
1372 1983 1498 2049 calorem,
1512 1989 1542 2039 ut
1556 1991 1679 2055 putarem
1696 1988 1785 2057 juata

967 2088 1009 2127 me
1019 2088 1157 2127 accensam
1171 2076 1319 2141 fornacem.
1336 2079 1371 2131 Et
1386 2092 1529 2132 corocasius
1544 2095 1640 2147 maqao
1655 2081 1782 2151 terrare,

967 2165 1042 2216 tanto
1055 2164 1170 2216 omnium
1185 2165 1360 2219 menbrorum
1374 2182 1492 2221 meorum
1503 2170 1635 2237 perfruar
1653 2185 1715 2224 sam
1735 2186 1781 2225 su-

966 2255 1042 2323 dore,
1059 2261 1088 2311 at
1103 2272 1241 2326 rraaqrcam
1253 2261 1291 2313 sic
1310 2262 1483 2314 carestuarim
1501 2276 1553 2330 pro
1569 2263 1661 2332 aliquo
1680 2263 1780 2319 calore.

966 2344 1033 2399 Cum
1047 2345 1109 2399 inde
1122 2349 1147 2400 ct
1156 2346 1235 2399 corde
1248 2350 1272 2399 et
1287 2362 1396 2416 corpore
1410 2351 1551 2416 arrciurer,
1567 2358 1707 2429 ceperunt
1719 2352 1782 2408 dis-

965 2434 1034 2488 solui
1049 2435 1171 2504 coiliqoti
1183 2451 1296 2491 manum
1315 2437 1408 2505 digiti,
1428 2443 1453 2492 et
1465 2440 1622 2511 paulopost
1642 2443 1785 2512 ceperunt

966 2528 1047 2580 etiam
1062 2527 1156 2581 lauari
1176 2528 1242 2583 boia
1258 2529 1373 2598 passati,
1395 2535 1419 2584 et
1432 2534 1538 2599 pretias
1561 2535 1613 2587 lieo
1640 2537 1664 2587 et
1688 2540 1784 2590 sancto

965 2617 1023 2682 Dei,
1037 2632 1102 2670 usas
1124 2632 1256 2672 manuam
1270 2622 1294 2672 et
1316 2618 1414 2688 pedum
1429 2620 1551 2675 redditus
1576 2626 1614 2676 est
1634 2624 1727 2677 inient
1746 2628 1785 2679 Et

965 2707 1065 2762 oblitas
1075 2714 1160 2764 omnis
1173 2710 1282 2777 datoris,
1294 2726 1340 2764 aec
1355 2713 1450 2766 timeus
1465 2715 1586 2782 quinqua
1596 2715 1719 2769 custodes
1731 2719 1784 2786 qui

964 2801 1038 2854 circa
1052 2817 1093 2854 me
1104 2802 1242 2871 jacebant,
1259 2818 1324 2872 quos
1335 2805 1416 2858 etiam
1429 2806 1545 2872 aiqilarc
1554 2806 1695 2875 putabam,
1711 2812 1783 2878 capi

965 2891 1043 2945 abire
1056 2907 1116 2946 cam
1135 2909 1181 2963 spe
1200 2898 1363 2950 securitatis.
1386 2899 1496 2952 Emotus
1524 2898 1605 2952 cardo
1631 2902 1696 2954 ostii
1715 2905 1781 2956 tan-

106 2985 212 3040 tiabile.
228 2985 295 3058 Ergo
309 2986 343 3040 ad
357 2985 490 3041 indiciam
512 2993 668 3041 consecutae
685 2985 831 3040 medicinae
847 2984 915 3040 lecit
962 2984 1019 3034 tum
1038 2984 1126 3037 emisit
1141 2984 1293 3051 stridorem,
1305 2990 1334 3040 ut
1344 2987 1425 3040 micbi
1444 2989 1499 3056 ipsi
1507 3002 1636 3055 mapnum
1645 3005 1775 3057 precarem

104 3092 212 3133 ceream
223 3077 348 3153 gengivae
363 3078 397 3133 ad
408 3078 618 3134 similitudinem
634 3079 763 3134 humanm
776 3077 912 3152 gengivm,
927 3045 987 3125 Ca
1001 3072 1127 3127 omuibus
1143 3074 1171 3127 in
1186 3074 1263 3128 clamo
1282 3076 1478 3144 quiescentibus
1502 3092 1610 3144 procem
1630 3081 1780 3136 incesserit

103 3185 220 3243 eamque
243 3171 278 3227 ad
302 3170 437 3227 tumulum
466 3172 554 3228 saneti
576 3171 707 3228 Wicberti
731 3169 829 3225 detulit
854 3186 917 3225 eum
968 3165 1112 3223 borrei-em.
1146 3171 1275 3225 Vareram
1301 3171 1338 3225 ad
1362 3176 1466 3242 septum
1490 3174 1601 3228 castelli.
1633 3175 1685 3229 Hic
1709 3181 1782 3230 corte

102 3263 250 3338 gratiarum
267 3263 386 3320 actione.
408 3263 503 3319 Omnia
527 3278 672 3319 recensere
692 3260 864 3336 singillatim,
890 3269 917 3317 ct
966 3263 1051 3314 carras
1065 3277 1124 3330 spes
1139 3263 1242 3318 occidit
1254 3263 1425 3330 micbi.Qaid
1439 3268 1509 3319 enim
1523 3267 1659 3332 tricarem?
1679 3269 1781 3324 Redire

101 3351 211 3425 singula
226 3352 359 3424 replicare
373 3353 508 3421 seriatim,
525 3361 567 3409 est
578 3352 701 3420 dilircile,
717 3368 769 3408 nec
781 3359 822 3408 est
842 3353 916 3408 mul·
965 3357 1179 3422 nonaudobam;
1196 3359 1581 3429 quamododescptocastelli
1607 3366 1708 3418 cairam
1730 3381 1782 3420 ae-

101 3449 159 3499 tum
175 3445 252 3500 utile.
282 3444 346 3501 ldeo
366 3444 400 3501 de
419 3444 515 3500 maltis
528 3444 620 3516 aliqua
643 3443 764 3501 breviter
788 3444 909 3499 couscri-

100 3535 214 3606 bantur,
245 3544 274 3593 ut
295 3555 328 3593 ex
351 3537 446 3610 paucis
475 3539 561 3594 multa
590 3554 651 3594 esse
682 3535 818 3595 veraciter
844 3555 908 3608 pre-

99 3626 210 3684 beatur.

135 3721 161 3776 7.
183 3722 318 3777 llasbania
332 3722 470 3779 laetificata
493 3739 548 3780 uno
568 3724 699 3779 etaltera
728 3724 815 3779 sancti
831 3723 907 3780 Wie-

98 3809 171 3864 berti
194 3809 340 3875 beneficio,
363 3810 496 3867 illustrata
518 3821 560 3867 est
575 3812 657 3867 etiam
672 3812 754 3867 tertie
774 3812 834 3883 ejas
849 3813 904 3867 mi-

98 3907 200 3963 raculo.
217 3907 293 3962 liiem
310 3906 407 3962 testum
418 3915 592 3979 pentecostes
607 3908 728 3980 populas
743 3908 906 3979 sollempni-

97 3994 187 4061 zabat,
215 4002 243 4050 et
260 4003 392 4069 vergente
419 3997 477 4053 sole
503 3997 537 4051 ad
559 4012 699 4064 occasum,
719 3998 904 4067 vespertinam

97 4085 212 4140 sinaxim
229 4085 355 4142 aecclesia
370 4087 536 4143 celebrabat.
552 4089 582 4143 ut
597 4103 661 4143 ecce
676 4088 787 4159 quidam
804 4105 906 4160 paren-

96 4181 156 4230 tum
167 4190 279 4231 suorum
296 4176 424 4232 manibus
437 4183 608 4233 sustentatus
627 4178 710 4242 venit,
731 4186 759 4234 et
771 4188 905 4252 sequente

95 4265 198 4336 populo
227 4265 261 4321 ad
294 4266 429 4322 tumulum
463 4269 550 4324 sancti
584 4268 715 4325 Wieberti
749 4271 905 4339 deductus,

959 3448 1086 3515 sciebam,
1103 3451 1264 3519 qaianicbil
1273 3452 1391 3518 consilii,
1407 3454 1493 3507 nictit
1504 3455 1605 3508 aririum
1618 3458 1781 3528 animati,

959 3541 990 3591 ut
1003 3540 1188 3608 quoquomodo
1203 3556 1351 3611 quarerem
1367 3542 1477 3597 aditam
1492 3545 1617 3598 eaeairdi.
1636 3544 1703 3599 Cum
1722 3551 1784 3602 sta-

959 3642 1016 3682 rem
1030 3630 1068 3684 ibi
1082 3633 1213 3686 attonitus
1237 3647 1348 3702 pauore,
1365 3636 1432 3703 oapi
1453 3640 1577 3689 sanctum
1609 3635 1776 3693 wicbertum

957 3717 1092 3782 inuocare,
1108 3723 1132 3774 et
1144 3722 1282 3789 imputans
1297 3723 1322 3775 ei
1337 3723 1409 3791 supa
1423 3738 1613 3788 matronarum,
1626 3726 1779 3782 lacrinams

957 3809 1098 3865 dicebam:
1118 3814 1274 3880 «Decepisti
1289 3828 1338 3877 me,
1350 3818 1441 3868 sariotc
1456 3816 1598 3881 Wicbcrte,
1613 3820 1638 3870 et
1648 3817 1778 3887 deceptus

958 3914 1026 3966 sum,
1042 3902 1100 3969 qui,
1110 3901 1176 3954 dum
1185 3901 1264 3969 sapio
1279 3901 1407 3957 damnum
1418 3919 1509 3958 reram
1519 3920 1649 3964 mearam.
1664 3909 1777 3962 incurri

955 3992 1049 4043 mortis
1075 3990 1234 4058 periculum.
1256 3992 1285 4046 Si
1301 3991 1344 4046 bie
1359 3995 1481 4047 inueniris
1510 3996 1598 4063 suaa,
1623 3995 1701 4050 rralta
1720 4001 1776 4054 erit

954 4078 1036 4131 micbi
1056 4078 1129 4132 uitro
1148 4079 1308 4149 reciencptio.
1324 4079 1378 4134 Sed
1393 4085 1434 4147 tu,
1452 4086 1554 4147 scaete,
1579 4086 1677 4153 perfice
1695 4087 1775 4155 quod

955 4173 1067 4240 cepisti,
1081 4173 1147 4241 qaia
1163 4172 1212 4226 tibi
1225 4174 1276 4228 soti
1288 4179 1350 4244 post
1364 4178 1445 4230 Deum
1461 4191 1573 4230 causum
1587 4193 1672 4232 meam
1692 4195 1772 4234 com-

956 4269 1027 4322 misi.
1045 4291 1056 4312 n
1074 4269 1140 4324 Cum
1160 4268 1214 4322 bac
1236 4285 1337 4325 mecam
1351 4287 1467 4339 operam
1494 4274 1565 4326 sensi
1579 4276 1660 4341 quasi
1674 4290 1773 4331 sartum

94 4352 186 4409 boiam
207 4356 300 4431 magni
317 4357 653 4427 ponderistumbresancti
674 4364 860 4433 superposuit,
878 4371 905 4419 et
956 4358 1064 4413 alarum
1077 4362 1136 4414 auis
1151 4362 1226 4415 circa
1240 4377 1281 4416 mc
1301 4362 1452 4428 uolitantis,
1474 4367 1497 4416 rt
1513 4378 1572 4416 cram
1594 4377 1694 4431 parere
1716 4382 1773 4435 quo

94 4457 155 4498 eum
174 4443 294 4501 lacrimis
310 4447 490 4503 exultationis
508 4449 610 4523 gratias
628 4451 685 4507 lieo
699 4462 726 4507 et
740 4462 835 4509 sancto
855 4454 903 4509 Dei
915 4423 943 4491 D
955 4455 1099 4510 tremebam
1111 4457 1193 4510 etiam
1207 4455 1318 4510 narrare
1340 4473 1493 4524 correerssus,
1505 4459 1610 4513 stabam
1629 4464 1709 4513 cetra
1728 4477 1773 4515 me

93 4535 161 4611 egit.
178 4536 365 4613 Interrogatus
384 4539 447 4611 quis
460 4548 544 4608 esset,
563 4542 638 4598 unde
653 4550 736 4611 esset,
751 4545 814 4617 quis
840 4562 902 4601 eum
951 4546 1068 4613 positas,
1080 4550 1104 4600 a
1119 4562 1136 4600 a
1150 4561 1229 4601 sensa
1243 4561 1299 4599 meo
1324 4547 1468 4601 alienatus.
1499 4549 1590 4601 Testor
1611 4550 1706 4616 Dauos,
1729 4555 1772 4605 te·

92 4622 268 4694 captivasset,
289 4627 428 4697 quomoda
449 4629 592 4698 erasisset,
608 4631 701 4687 omnia
716 4632 839 4687 seriatim
854 4648 904 4687 ex·
953 4640 1009 4691 ster
1022 4643 1146 4692 sacratarn
1171 4637 1342 4704 Wicbcrtam,
1371 4653 1412 4692 me
1434 4641 1536 4693 riescire
1564 4642 1673 4695 omnirto
1696 4644 1772 4711 qaid

92 4716 200 4786 posuit:
216 4721 284 4787 Epo,
305 4718 405 4790 inquit,
421 4723 452 4775 in
466 4723 534 4777 ailla
548 4724 695 4780 llasbanioe
713 4741 773 4795 qua
791 4730 903 4782 vocatur
953 4734 1062 4787 interim
1080 4734 1162 4787 michi
1180 4736 1331 4801 coatiperit,
1355 4734 1456 4789 scilicet
1470 4735 1603 4804 quomodo
1627 4740 1709 4791 trans
1729 4754 1771 4793 se-

90 4806 224 4863 Pcllonios
239 4810 378 4879 decebam,
404 4816 429 4866 et
454 4828 505 4883 pro
523 4816 653 4871 mediocri
671 4832 762 4872 raum
781 4834 901 4874 mearum
948 4832 1025 4898 ptum
1039 4829 1142 4882 castelli
1152 4830 1255 4897 positus
1275 4831 1336 4893 sim,
1362 4831 1491 4899 quomodo
1508 4832 1692 4900 praecipitium
1716 4850 1771 4903 aq-

90 4901 175 4968 eopia,
196 4917 238 4956 me
251 4905 359 4957 stratae
372 4906 493 4972 oqebam.
517 4908 570 4963 Sed
586 4911 757 4979 quantalibet
770 4915 837 4967 osse
853 4914 900 4968 ba·
949 4919 1020 4986 poris
1035 4919 1175 4972 eraserim.
1186 4918 1262 4983 Quod
1276 4918 1314 4973 od
1322 4935 1364 4972 mc
1373 4935 1497 4975 reuersus
1510 4921 1557 4975 ubi
1565 4921 1700 4987 inteitrai,
1712 4939 1770 4979 rroa

88 4993 157 5046 mini
165 4994 295 5061 felicitas,
310 5011 363 5051 noa
375 4997 449 5054 abest
467 5001 492 5053 ei
506 5000 656 5070 aliquando
669 5004 830 5061 adversitas.
846 5008 898 5062 Mi·
945 5011 1033 5076 potest
1047 5007 1103 5061 dici
1117 5007 1159 5060 acl
1173 5007 1247 5062 credi
1259 5013 1391 5078 quantam
1407 5012 1502 5080 stupui
1517 5015 1543 5065 et
1557 5011 1647 5066 adbuc
1658 5015 1767 5082 stupeo.

88 5081 133 5134 abi
144 5085 215 5139 anim
227 5086 376 5142 arsidiatus
391 5087 503 5157 quidam
516 5091 611 5158 prado
624 5095 731 5148 nomine
741 5095 845 5162 Petrus,
858 5112 899 5151 ma
947 5099 1232 5165 incantamentum,
1243 5100 1390 5171 jurisper
1406 5102 1502 5156 bonam
1515 5106 1628 5171 portans
1642 5119 1761 5163 mecum.

87 5177 196 5242 captum
209 5179 323 5234 inclusit
335 5181 363 5244 in
375 5181 484 5235 castello
497 5182 570 5251 quod
579 5184 682 5241 dicitur
693 5189 797 5257 Waapa
812 5189 894 5263 (908).
947 5190 1101 5246 Audiebam
1112 5192 1252 5258 factitiam
1263 5194 1594 5263 castelliperstrepartem,
1611 5201 1635 5250 et
1647 5211 1689 5250 me
1703 5212 1766 5253 curri

86 5260 144 5329 Epo
158 5280 288 5323 suoxmam
314 5269 508 5339 redemptionis
526 5288 591 5327 mea
604 5276 735 5334 iacobum
750 5282 896 5338 secandam
946 5285 1073 5340 coraibus
1088 5290 1113 5340 a
1127 5288 1237 5354 facibus
1254 5291 1280 5343 et
1296 5289 1410 5343 canibus
1430 5293 1602 5358 quaerentem.
1629 5290 1768 5348 Videbam

86 5363 174 5409 meum
195 5373 283 5428 posse,
298 5360 345 5415 sed
365 5360 409 5414 itte
422 5362 499 5418 ittam
521 5365 637 5420 tonabat
655 5371 798 5428 secandam
816 5389 895 5431 suam
945 5393 1023 5434 canes
1037 5396 1078 5434 mc
1095 5381 1268 5449 indamnatis,
1299 5384 1348 5452 qui
1362 5398 1403 5437 mc
1429 5385 1485 5437 uiso
1505 5383 1715 5439 obmitesccbant
1739 5391 1766 5442 a

84 5442 157 5499 aeuo
179 5451 213 5503 Et
228 5451 283 5506 tac
296 5455 368 5508 inter
380 5469 422 5509 mc
437 5459 463 5509 et
480 5456 561 5511 illum
580 5457 713 5518 dissensio
732 5466 791 5532 suit
811 5469 895 5524 maii
944 5474 1025 5543 quasi
1039 5474 1131 5530 baculo
1141 5478 1265 5544 parasii
1284 5476 1495 5531 retrocedebant.
1523 5476 1609 5545 Super
1628 5479 1673 5533 liis
1691 5495 1766 5547 pra-

122 5620 195 5682 (acar
211 5623 324 5700 lllanga,
341 5628 367 5682 in
384 5629 507 5687 districtu
524 5633 671 5691 laudensi.
854 5575 961 5631 ΝΟΜ
