3720 6014
127 223 182 282 itt

733 223 908 312 stottssttttu
928 226 1187 282 canotasenus.

1744 231 1795 285 2i8

131 348 272 419 Principes
286 346 447 422 gradiuntur
476 346 503 399 in
530 345 630 411 leonte,
644 348 750 403 scilicet
771 349 934 420 patriarcba,
949 350 1071 424 Alixtus
1085 367 1166 422 papa,
1184 353 1231 424 qui
1252 362 1280 408 et
1303 353 1401 418 fluido,
1425 354 1550 408 moritur.
1568 354 1698 410 Succedit
1713 354 1794 408 lam·

130 454 180 509 pro
200 438 299 493 vexillo
319 437 411 491 terens
426 452 536 492 erucem
552 437 649 493 Christi
667 457 675 505 ;
691 439 854 495 abbasolim
871 441 935 500 Clu-

130 527 269 583 niaccnsis
284 527 407 593 Pontias,
424 526 570 596 proferens
599 529 724 584 lanceam
741 529 895 586 tmnslrxam
912 533 939 586 in

130 620 216 673 latere
244 617 365 683 Christi;
391 618 539 689 episcopus
569 619 773 685 ttetuteemites,
801 621 893 677 iorens
913 623 940 676 in

132 710 223 780 pixide
239 710 281 765 lac
293 717 394 764 sanetae
408 709 498 764 lllariae
514 719 653 780 perpetuae
666 711 791 784 virginis.
813 714 942 775 Saraceni

131 817 194 857 uero
207 816 427 872 quaquaversum
457 799 545 866 effusi,
562 817 593 856 ex
609 803 683 857 omni
696 803 780 857 latere
800 803 826 857 in
840 805 935 859 orbem

130 893 351 965 circumcingunt
378 892 552 956 christianos,
566 908 601 948 ne
624 895 686 965 quis
706 896 792 965 possit
807 896 934 952 eradere.

132 985 200 1038 llum
216 984 252 1037 ita
263 983 290 1037 in
310 983 451 1054 procinctu
468 982 568 1037 luerent
591 983 744 1050 oltristiani,
770 985 866 1041 vident
879 987 935 1041 ileo

131 1071 184 1127 sibi
200 1071 312 1142 auspice
327 1070 503 1141 splendorem
528 1071 613 1127 scisso
633 1087 697 1126 aere
713 1088 800 1142 super
814 1089 936 1145 paganos

131 1162 222 1218 subito
236 1162 380 1226 cecidisse,
399 1161 448 1215 sod
470 1176 525 1216 non
546 1177 718 1232 prosperum,
742 1163 792 1217 sed
807 1164 872 1218 satis
885 1180 935 1220 no-

132 1255 219 1308 civum
232 1271 240 1317 ;
252 1252 384 1325 'quamtis
399 1253 473 1308 lianc
496 1253 549 1323 ipsi
573 1254 700 1309 Saraceni
729 1271 784 1310 non
802 1255 932 1310 uiderint.

132 1345 198 1400 llico
213 1345 287 1399 onim
301 1344 423 1399 omnium
439 1345 537 1398 virium
562 1344 660 1400 robore
685 1346 817 1413 enervati,
834 1348 934 1417 passim

134 1433 283 1507 fugientes,
298 1433 495 1487 cedunturnon
511 1432 599 1487 solum
621 1433 725 1500 oriris,
744 1436 792 1489 sctl
813 1437 894 1490 etiam
920 1453 934 1490 a

135 1520 395 1592 pueris'etieminis.
413 1520 555 1575 Perierunt
580 1522 606 1574 iu
635 1522 706 1576 bello
731 1531 837 1592 septem
852 1523 938 1588 ntilin,

133 1612 269 1668 submersi
285 1617 348 1666 sunt
364 1612 389 1665 in
405 1612 484 1683 aquis
505 1613 629 1684 quinque
648 1612 724 1669 milia
760 1615 861 1668 Omnes
875 1631 939 1670 sero

135 1702 276 1757 cbristiani
294 1701 444 1756 incolumes
454 1703 568 1768 reversi,
582 1719 720 1757 summum
735 1713 761 1757 et
777 1705 857 1760 dulce
872 1722 939 1777 epp-

136 1789 246 1844 nicbion
264 1790 377 1843 reboant
390 1789 506 1844 bomino
523 1789 550 1843 in
566 1791 735 1845 excelsis³¹².

173 1877 251 1932 titt.
364 1876 393 1930 tt.
415 1878 454 1931 ts.
477 1877 544 1945 (to.)
653 1878 680 1932 P.
704 1881 745 1933 lb.
768 1880 832 1945 lli.)

334 1972 364 2025 t.
385 1970 428 2024 at.
451 1969 517 2039 tto.)
662 1973 691 2024 tl.
716 1971 742 2025 b.

172 2063 304 2116 llenrieus
320 2062 469 2130 imperator
484 2061 644 2132 aquisgrani
667 2064 756 2117 natale
776 2065 883 2119 Domini
897 2081 938 2120 ce·

136 2150 232 2205 lebrat.
250 2150 342 2203 Hiems
363 2149 444 2203 solito
467 2149 601 2217 acerbior,
628 2160 654 2205 et
680 2159 792 2225 aggestu
808 2153 879 2209 niuis
894 2171 937 2209 se-

136 2240 198 2310 pius
217 2236 371 2291 decidentis
387 2237 469 2290 nimis
489 2237 600 2292 ltorrida
629 2248 654 2292 et
676 2240 841 2308 importuna.
868 2243 940 2295 llulti

135 2331 209 2385 enim
229 2344 380 2399 pauperum
394 2327 512 2382 infantes
527 2330 691 2384 etmuliores
707 2332 846 2388 nimietate
862 2333 943 2407 frigo

136 2423 173 2477 ris
188 2422 359 2477 deiecerunt.
390 2420 538 2476 llortalitas
564 2437 675 2493 quoque
702 2424 861 2479 attimaliam
883 2442 941 2480 ma·

135 2514 217 2569 xima.
235 2514 264 2567 ln
293 2512 387 2566 mobis
410 2511 521 2566 uiuariis
548 2512 638 2584 pisces
666 2511 768 2569 absorti
784 2515 836 2570 sub
852 2518 940 2589 glacie

136 2608 323 2680 perieruntln
341 2605 491 2661 Bracbanto
506 2608 634 2680 anguillae
650 2608 941 2682 innumerabilespro·

136 2710 196 2773 pter
208 2702 355 2776 glaciema
372 2701 519 2772 paludibus
544 2709 688 2765 exeuntes,
708 2703 782 2774 quod
797 2704 871 2759 dicto
889 2707 941 2759 mi-

136 2807 194 2846 rum
209 2798 260 2852 est,
277 2791 304 2844 in
333 2788 474 2844 loenilibus
499 2789 638 2864 fugientes
662 2790 821 2855 latuerunt;
837 2795 886 2848 sod
902 2795 940 2849 ibi

135 2882 218 2937 etiam
247 2896 295 2952 pro
323 2880 466 2935 nimietate
493 2880 602 2954 trigoris
636 2881 798 2938 deficientes
826 2900 942 2956 compa-

135 2980 259 3029 truerunt
272 2971 316 3023 ⁸¹³.
333 2970 421 3024 llietni
433 2971 565 3026 successit
576 2971 756 3042 intemperies
768 2974 851 3040 aeris,
867 2991 941 3030 nunc

135 3067 207 3131 niae,
219 3081 291 3120 nunc
310 3063 411 3135 pluvia,
428 3079 500 3118 aurtc
515 3062 578 3134 gelu
592 3062 749 3118 alternatim
765 3064 831 3118 satis
845 3066 939 3121 ‹leter-
953 3025 977 3093 C
990 3025 1025 3072 ⁸st

134 3157 212 3219 uinta,
234 3171 321 3227 usque
337 3155 364 3208 in
375 3154 467 3209 medio
486 3153 592 3209 llartio.
608 3152 704 3208 Postea
717 3155 825 3210 diutino
840 3156 941 3229 frigore

135 3242 273 3317 et'pluuia
294 3242 366 3298 aeris
380 3243 509 3296 borrente
543 3242 738 3308 inconstantia,
767 3244 810 3297 vix
830 3245 940 3300 tandem

136 3337 248 3393 arbores
273 3334 426 3389 lloruerunt
445 3333 516 3388 llaio
539 3349 646 3389 mense.
666 3335 709 3388 ris
730 3335 839 3390 tandem
856 3338 943 3409 gratia

133 3428 281 3485 herbarum
310 3433 338 3481 et
351 3424 505 3498 gratninum
531 3424 648 3500 reviguit
676 3426 826 3481 virorem.
853 3428 943 3483 Imber

134 3536 197 3576 vera
211 3518 329 3593 singulis
342 3517 485 3572 mensibus
512 3517 623 3571 assidue
634 3517 768 3573 deciduus
794 3526 852 3574 sata
866 3536 942 3592 agro

135 3632 193 3670 rum
209 3630 280 3685 pene
294 3613 420 3668 absorsit.
438 3612 504 3667 Nam
520 3611 602 3685 siligo
618 3618 645 3666 et
667 3628 761 3667 aventu
778 3623 941 3683 proventum

132 3724 211 3762 suum
225 3706 291 3762 salis
303 3711 368 3760 sunt
382 3703 530 3758 ementitae.
547 3702 622 3758 llulti
639 3719 749 3775 quoque
772 3721 850 3759 sacro
879 3706 941 3775 igne

132 3797 294 3852 aduruntur.
310 3793 395 3864 Tyros
410 3793 514 3847 llcbrea
528 3792 621 3864 lingua
639 3793 688 3848 Sor
703 3793 785 3857 dicto,
803 3795 868 3849 urbs
883 3811 942 3849 tna·

134 3885 320 3941 ximaPeuicis
333 3893 360 3939 et
383 3884 506 3954 antiqua,
518 3881 545 3935 iu
568 3885 651 3937 corde
666 3883 749 3937 maris
770 3884 834 3948 sita,
853 3886 938 3955 Syrio-

135 3977 243 4031 uiarum
264 3973 386 4038 Colonia,
403 3972 553 4043 negotiatio
570 3972 663 4038 maris,
686 3974 840 4043 empurium
855 3976 940 4031 totius

134 4065 356 4130 orlris,t·aticinio
371 4063 568 4135 prophetarum
580 4063 717 4118 celebrata
731 4071 758 4118 et
772 4065 941 4121 carminibus

133 4164 277 4227 poetarum
296 4154 397 4219 inclita,
413 4153 478 4207 olim
493 4152 604 4224 quidem
617 4153 725 4224 jusula,
741 4171 757 4209 a
774 4155 941 4230 Nabugotlo-

134 4259 217 4301 aosor
227 4245 269 4300 vel
281 4244 315 4299 ab
331 4243 483 4298 Alexandro
499 4249 611 4313 propter
626 4244 860 4317 expugnationem
874 4247 940 4299 mul-

989 438 1094 503 bertus,
1104 441 1152 511 qui
1168 447 1195 495 et
1208 440 1354 506 llonorius,
1371 441 1522 496 llastiensis
1534 441 1693 513 episcopus.

1027 551 1105 605 llio.
1144 551 1278 620 idtio.)
1321 552 1364 605 lb.
1385 552 1453 618 (17.)
1489 550 1526 607 25
1557 551 1621 621 (26.)
1678 551 1704 605 t.

1030 662 1120 716 biems
1141 663 1301 733 asperrima,
1320 678 1368 716 sex
1389 662 1592 731 epdomadibus
1613 661 1745 718 continua
1773 668 1798 712 et

993 749 1073 804 valde
1084 749 1176 804 noxia.
1189 749 1284 803 l‘arttes
1297 749 1387 804 ualida
1401 750 1504 820 ubiqne
1513 766 1612 822 magua
1622 748 1798 803 multitudine

985 841 1129 911 utriusque
1144 857 1225 895 sexus
1248 840 1438 910 pereuntibus.
1463 840 1492 894 ln
1520 841 1656 895 llasbania
1669 838 1798 913 ignobilis

986 929 1147 985 muliercula
1163 937 1313 984 monstrum
1344 929 1492 1001 bisgemini
1513 928 1637 1001 corporis
1657 936 1699 984 est
1713 929 1797 991 inixa,

985 1019 1088 1073 aversis
1106 1017 1226 1071 uultibus
1251 1023 1277 1070 et
1294 1016 1457 1088 corporibus
1477 1016 1529 1071 sibi
1555 1018 1705 1082 coherens·
1736 1026 1798 1071 ante

985 1109 1096 1181 quidem
1121 1108 1228 1182 efligies
1254 1108 1374 1162 bominis
1394 1109 1502 1183 integro
1525 1109 1650 1179 corporis
1665 1109 1798 1163 menbro-

985 1214 1101 1268 rumque
1120 1197 1218 1251 ordine
1232 1197 1371 1259 distincta,
1384 1205 1455 1252 retro
1471 1212 1535 1252 vero
1553 1196 1637 1252 iacies
1648 1198 1737 1262 canis,
1753 1198 1796 1251 si·

986 1291 1088 1345 militer
1103 1291 1226 1358 corporis
1247 1297 1275 1344 et
1290 1289 1467 1344 menbrorum
1486 1291 1654 1361 proprietate
1678 1289 1797 1365 integra.

987 1384 1014 1437 ln
1046 1384 1274 1438 Bracbantotilla
1299 1383 1419 1449 b'erlsca,
1447 1383 1499 1438 alia
1528 1383 1628 1437 mulier
1647 1384 1729 1439 enixa
1756 1391 1796 1438 est

990 1480 1108 1544 quatuor
1121 1474 1258 1530 masculos
1273 1480 1415 1543 unapartu
1431 1473 1474 1525 ⁸¹⁵.
1497 1474 1526 1526 ln
1540 1472 1730 1528 tiernblacensi
1746 1490 1796 1544 pa-

991 1566 1097 1632 rocbia,
1119 1564 1183 1619 dum
1200 1563 1395 1635 paterfamilias
1422 1564 1561 1624 dominica
1583 1565 1628 1618 dic
1654 1565 1798 1619 mixturam

954 1663 1116 1730 sssegetum
1127 1670 1175 1725 pre
1191 1654 1305 1723 penuria
1325 1651 1404 1707 lamis
1420 1654 1535 1708 moleret
1552 1654 1578 1707 in
1594 1669 1661 1708 usus
1674 1653 1797 1715 latnailim,

990 1743 1082 1797 subito
1095 1743 1168 1810 justa
1183 1742 1228 1797 bei
1245 1741 1437 1814 indignatione
1450 1742 1516 1796 arsit
1539 1740 1626 1797 larina
1643 1759 1703 1795 cum
1722 1732 1802 1812 putul

991 1835 1028 1889 ris
1041 1834 1201 1906 nigredine;
1216 1834 1249 1889 ad
1276 1834 1432 1903 exemplum
1450 1833 1577 1902 posteris,
1594 1849 1628 1887 ne
1645 1832 1712 1904 quid
1730 1849 1800 1902 pram

990 1933 1099 1980 sumant
1113 1925 1212 1981 simile.
1237 1925 1374 1981 AEcclesiae
1385 1925 1473 1979 sancti
1485 1925 1606 1996 llyonisii
1624 1926 1675 1978 sita
1693 1925 1720 1978 in
1737 1925 1798 1977 llro·

990 2017 1119 2072 eborensi
1138 2017 1208 2071 silva
1238 2017 1351 2081 toottt
1383 2015 1438 2070 lial.
1471 2016 1542 2081 llaii,
1567 2016 1594 2070 in
1621 2015 1692 2070 leste
1712 2016 1800 2070 sancti

989 2109 1081 2175 Marci,
1092 2108 1181 2179 perimo
1194 2110 1356 2178 crepusculo
1372 2108 1459 2163 uectis
1471 2124 1532 2161 cum
1548 2108 1679 2162 omnibus
1688 2123 1796 2177 appen-

994 2200 1073 2255 diciis
1087 2207 1114 2253 et
1128 2206 1182 2254 tota
1197 2199 1260 2253 villa
1274 2200 1383 2269 penitus
1394 2204 1594 2266 concrematur,
1611 2199 1686 2254 saluo
1707 2206 1800 2252 tamen

994 2292 1122 2347 thesauro
1134 2291 1296 2346 otarmario.
1321 2291 1415 2352 illam.
1431 2291 1477 2359 29)
1503 2290 1636 2346 llenricus
1653 2290 1804 2360 imperator

995 2383 1086 2438 Leodii
1104 2383 1203 2454 pasclta
1219 2382 1324 2437 bomini
1341 2382 1473 2436 celebrat.
1492 2382 1558 2436 lnde
1572 2382 1664 2453 Aquas
1679 2388 1800 2436 conten-

992 2473 1072 2536 dens,
1087 2471 1183 2526 morbo
1199 2469 1369 2533 dracunculi,
1386 2470 1433 2541 qui
1447 2470 1499 2524 sibi
1520 2477 1577 2525 erat
1597 2469 1716 2531 nativus.
1741 2486 1799 2524 mo·

991 2562 1083 2618 lestari
1100 2563 1189 2632 cepit;
1206 2562 1404 2633 propterquod
1416 2569 1443 2616 et
1460 2561 1495 2614 ibi
1512 2560 1620 2632 aliquot
1633 2561 1694 2615 dies
1709 2576 1800 2614 remo-

993 2662 1066 2709 ratus
1090 2663 1145 2720 est;
1170 2653 1273 2708 deindo
1300 2653 1459 2708 Neumaiam
1490 2652 1561 2718 (362)
1585 2653 1673 2707 venit.
1705 2652 1802 2707 Postea

992 2745 1069 2815 quasi
1095 2749 1274 2814 pentecosten
1297 2741 1500 2799 celebraturus.
1529 2740 1725 2809 vultrajectum
1753 2758 1801 2795 te-

992 2837 1048 2899 nit;
1065 2838 1113 2892 sed
1130 2853 1191 2892 cum
1202 2853 1251 2907 per
1262 2836 1323 2890 dios
1331 2836 1446 2910 languor
1459 2835 1674 2909 ingravesceret,
1688 2835 1800 2889 tandem

991 2929 1058 2984 teria
1073 2930 1168 3001 quinta
1194 2929 1221 2982 in
1238 2936 1397 2998 pentecoste
1413 2927 1495 2981 vitam
1523 2942 1584 2982 cum
1600 2926 1702 2997 'regno
1732 2926 1802 2980 ami-

1040 3019 1119 3087 tuat.
1135 3017 1190 3085 23).
1208 3016 1312 3087 Corpus
1332 3016 1393 3082 ejus
1406 3015 1503 3084 ejectis
1517 3014 1655 3070 intestinis
1682 3017 1740 3071 sale
1760 3033 1803 3071 re·

990 3121 1127 3176 sparsam,
1149 3105 1235 3174 Spirae
1251 3104 1366 3159 relatum
1382 3109 1432 3158 cst.
1449 3103 1505 3157 llen
1517 3102 1669 3158 Jerusalem
1688 3104 1801 3159 ualitat-

993 3213 1044 3251 nus
1066 3195 1130 3251 data
1148 3196 1338 3266 redemptione
1362 3213 1378 3249 a
1405 3195 1548 3250 Saracenis
1575 3195 1727 3250 dimittitur
1755 3197 1801 3252 ³¹⁶.

994 3270 1069 3354 (Auo.
1087 3285 1143 3356 30.)
1159 3285 1251 3339 llensc
1268 3285 1388 3357 augusto
1404 3282 1429 3336 in
1446 3282 1514 3337 sesto
1530 3283 1617 3336 sancti
1635 3282 1803 3338 bartolomei

993 3374 1121 3446 apostoli,
1148 3371 1327 3428 excellentior
1347 3371 1467 3445 dignitas
1500 3372 1663 3441 optimatum
1694 3371 1805 3442 imperit

992 3469 1049 3523 siva
1065 3467 1231 3522 eminentior
1244 3466 1330 3540 gloria
1347 3465 1491 3531 aecclesiae,
1507 3466 1645 3520 Eorardus
1659 3473 1687 3521 et
1704 3467 1802 3521 liuma-

993 3559 1135 3631 nuslegati
1147 3555 1401 3627 apostolicaesedis,
1414 3563 1441 3610 et
1456 3555 1658 3626 archiepiscopi
1673 3571 1736 3610 cum
1746 3555 1804 3626 epi·

992 3648 1133 3716 scopisex
1150 3645 1277 3700 condicto
1293 3644 1326 3677 ²¹⁷
1342 3643 1540 3698 conuenientes
1564 3643 1723 3718 Mogontia,
1739 3658 1803 3698 con·

992 3737 1095 3791 saltant
1109 3737 1161 3790 sibi
1178 3744 1204 3789 et
1220 3735 1267 3790 toti
1285 3735 1405 3789 llomatto
1423 3734 1538 3804 imperio
1555 3735 1588 3787 de
1609 3733 1803 3789 substituendo

992 3842 1065 3898 rege.
1084 3825 1226 3880 liotbarius
1241 3824 1294 3877 dux
1309 3825 1457 3889 Saxonum,
1485 3823 1526 3876 tir
1540 3823 1653 3893 septiens
1668 3830 1696 3877 et
1720 3822 1803 3876 indu-

990 3911 1083 3975 strias,
1095 3919 1121 3967 ct
1140 3911 1334 3966 aeclesiastico
1347 3911 1400 3978 jari
1421 3911 1546 3974 dovotus,
1564 3918 1715 3980 prepotens
1732 3909 1805 3963 diri-

992 4001 1036 4055 tiis
1050 4009 1076 4056 et
1089 4001 1221 4065 victoriis,
1237 4000 1362 4054 omnium
1377 4015 1491 4053 assensa
1508 3999 1627 4072 eligitur.
1642 3998 1689 4053 llic
1706 4014 1803 4053 ntense

991 4091 1162 4162 Septetnbrio
1175 4107 1236 4145 cum
1252 4090 1358 4145 eisdam
1375 4090 1471 4160 legatis
1485 4097 1513 4144 et
1532 4089 1641 4144 duoltus
1659 4089 1799 4159 archiepi-

990 4181 1082 4251 scopis
1098 4187 1124 4233 et
1138 4186 1200 4234 octo
1220 4179 1358 4248 episcopis
1381 4188 1408 4232 et
1423 4177 1517 4231 maltis
1531 4176 1680 4231 abbatibus
1695 4185 1723 4231 ot
1738 4193 1800 4232 cum

991 4266 1222 4323 eminentioribus
1236 4264 1305 4320 aulte
1330 4265 1430 4338 regalis
1445 4264 1608 4335 primatibus
1628 4265 1798 4336 aquasgrani

134 4337 169 4392 ¹¹⁵
181 4337 209 4392 5¹¹
223 4336 300 4393 Pieli
325 4336 393 4433 slew
408 4334 556 4411 aggeribus
570 4336 749 4406 c⁰¹¹¹P⁰s¹²³¹l⁸
764 4345 836 4392 ¹0⁸³
851 4338 940 4394 cmlii·
951 4366 979 4435 [J
990 4359 1115 4425 vestiens,
1131 4358 1270 4414 dominica
1285 4357 1340 4423 die,
1364 4358 1402 4412 ld.
1419 4356 1599 4427 Septembris,
1617 4373 1633 4410 a
1654 4355 1801 4411 l'rederico

133 4443 203 4483 ”2¹¹⁸
226 4425 296 4482 fam
311 4426 416 4496 Pf¹d⁰¹¹¹
438 4441 454 4479 ³
476 4424 711 4500 N³b¹¹3⁰d⁰¹¹⁰⁵⁰f
728 4437 884 4500 ⁰¹¹'uss⁰⁸¹³
912 4435 940 4482 ‘³²
990 4453 1178 4524 archipresule
1194 4451 1350 4507 Coloniensi
1366 4452 1392 4504 in
1409 4467 1501 4526 regem
1517 4451 1691 4505 benedicitur
1706 4461 1734 4505 et
1749 4466 1803 4505 un·

134 4521 230 4590 partim
259 4519 403 4591 captivata.
434 4524 573 4589 etpostea
592 4518 627 4572 ab
650 4517 804 4575 Alexandro
829 4520 940 4589 penitus
989 4546 1160 4622 gqufpswg
1180 4545 1235 4610 13),
1256 4544 1579 4614 omnqcpesoeppopuqo
1600 4543 1800 4613 fesqvumepj,

135 4625 222 4681 usque
237 4609 272 4664 ad
285 4609 374 4666 solum
390 4610 481 4664 diruta
504 4616 532 4664 et
551 4610 699 4672 destructa,
720 4610 769 4663 sed
783 4610 862 4678 juxta
876 4627 939 4681 pro·

135 4698 232 4766 phetas
247 4704 308 4769 past
322 4698 498 4773 septuaginta
513 4713 600 4754 annos
612 4695 771 4753 reedilicata
784 4706 812 4754 et
825 4699 853 4754 in
866 4700 939 4754 anti·

134 4803 219 4860 quum
232 4795 333 4842 statum
347 4790 479 4855 restituta,
501 4790 602 4845 nostris
617 4790 699 4844 niodo
721 4791 891 4862 temporibus
909 4793 937 4848 ia

134 4877 189 4934 stae
205 4879 301 4934 mundi
313 4894 327 4932 a
338 4879 494 4934 christianis
506 4887 578 4936 terra
595 4883 719 4954 marique
733 4883 847 4939 obsessa
862 4887 938 4956 capi-

990 4639 1103 4694 nicbion
1116 4637 1332 4693 acclamantibus
1346 4636 1389 4690 ³¹⁸.

1025 4770 1104 4826 ties.
1197 4770 1221 4822 t.
1300 4769 1429 4837 atq-ts.)
1502 4730 1638 4838 saquis,
1712 4770 1740 4822 s.

1025 4881 1117 4935 lliems
1138 4877 1287 4944 acerrima;
1308 4893 1410 4931 vernus
1436 4878 1520 4932 etiam
1536 4876 1719 4947 periculosus.
1747 4877 1802 4933 ilex

134 4974 188 5032 tur,
219 4974 246 5024 et
269 4965 368 5021 Christi
397 4967 512 5038 imperio
535 4969 707 5045 subjugatur.
725 4972 793 5041 (dec.
815 4970 938 5043 lioba·
989 4974 1133 5030 Lotbarius
1157 4978 1252 5027 contra
1277 4972 1450 5027 behemones
1481 4971 1596 5037 uadens,
1627 4971 1800 5042 quorundam

168 5138 203 5172 ⁸¹¹
216 5141 279 5194 Post
297 5138 352 5192 ltac
375 5138 447 5191 linea
461 5152 552 5190 uasa.
585 5140 713 5195 Culta-mus
732 5072 869 5198 mutam
874 5071 1111 5199 1AE{¹³⁴{irtCTrlrtqtplltlilss
1115 5113 1359 5214 'computruerunt
1383 5144 1480 5198 desunt
1504 5141 1567 5198 bil.
1583 5142 1644 5197 W.
1687 5144 1723 5179 ³¹⁴
1753 5145 1801 5201 Se-

133 5212 244 5278 quentia
256 5225 341 5280 usque
355 5209 392 5262 ad
402 5208 520 5263 medium
535 5224 636 5263 aunum
648 5218 799 5281 sequentem
813 5230 866 5268 utto
880 5216 984 5270 calamo
1004 5220 1085 5284 utque
1099 5219 1249 5283 atramento
1264 5219 1380 5270 aaarttta
1402 5219 1475 5269 sunt.
1493 5215 1546 5268 llic
1559 5214 1640 5269 etiarm
1652 5217 1744 5284 primo
1758 5231 1802 5272 oc·

133 5284 219 5336 currit
231 5284 338 5350 signum
361 5281 381 5348 †
403 5279 441 5332 ad
455 5281 603 5334 sententias
613 5281 820 5348 distinguendas
833 5301 885 5355 quo
900 5287 1037 5356 bucusque
1058 5301 1199 5356 nunquam
1223 5287 1321 5341 abhinc
1336 5301 1440 5355 semper
1462 5288 1523 5353 (ere
1537 5289 1626 5340 utitur
1644 5287 1801 5342 Absolutus.

132 5348 166 5428 ³¹}
177 5352 302 5407 Calamus
321 5351 478 5421 portellium
487 5353 619 5408 mutatur.
664 5352 699 5386 ³¹⁶
714 5358 837 5409 trudatur
851 5357 981 5414 colamus.
1020 5355 1053 5390 ³¹⁷
1070 5357 1127 5411 site
1136 5357 1312 5412 eminentior.
1328 5356 1506 5411 -condicto
1525 5361 1550 5410 et
1561 5358 1645 5427 paulo
1662 5362 1725 5427 post
1738 5373 1800 5412 cum

133 5420 237 5476 eisdem
254 5421 414 5476 -veniens
428 5420 614 5476 (ostiumst.
637 5422 671 5456 ³¹⁸
687 5424 784 5479 obberto
799 5431 979 5483 atramentum
991 5432 1124 5483 mutetur.

178 5592 240 5643 :tttlt
257 5591 443 5645 sitiat-benis
463 5607 497 5645 en
510 5591 695 5662 liroquemye.
713 5593 739 5647 iu
756 5611 826 5648 rom.
845 5525 1016 5653 llloutkkggsssiae

166 5659 235 5728 tzitta:
252 5661 434 5737 Nynuasegett.
