3720 6014
98 199 154 258 285
594 211 767 272 canantes.
788 247 823 258 -
841 219 1033 277 autrnatuts
1053 222 1309 280 taruannensis.
1717 227 1770 285 286

98 330 177 386 brevi
193 346 341 402 respersa;
366 349 422 391 non
437 336 527 393 solnm
542 353 575 394 cx
587 341 700 409 nostris,
714 343 864 414 sedictiam
877 363 910 404 es
920 356 947 422 Α
960 350 1093 424 quicquid
1108 352 1136 407 in
1154 353 1215 422 ejus
1225 352 1305 408 laude
1319 353 1423 408 dictum
1438 352 1530 409 luerit.
1547 353 1602 409 Neo
1619 370 1701 425 parva
1716 356 1769 410 mi-

99 422 184 479 valde
198 424 313 480 remotis
327 426 451 497 partibus
478 427 567 485 lactus
591 440 637 487 est>
660 448 812 493 concursus
839 438 909 495 diri·
960 443 1045 499 raculi
1067 444 1157 515 portio
1185 450 1238 511 est,
1258 444 1333 516 quod
1365 445 1418 500 boc
1445 460 1518 501 anno
1542 451 1618 501 tanta
1637 446 1770 503 sterilitas

98 519 156 567 tum
169 518 197 567 et
211 529 384 584 pauperum;
400 515 509 573 diverse
522 520 611 576 aetatis
625 529 653 578 et
671 523 815 597 utriusque
828 543 910 584 sexus
959 535 1032 608 agris
1052 535 1154 591 nostris
1185 534 1320 603 incubuit,
1343 536 1420 608 qnod
1444 537 1489 592 vix
1521 537 1638 593 duorum
1665 538 1708 592 vel
1733 538 1768 594 ad

98 600 198 658 fideles
224 618 287 659 com
315 603 506 664 oblationibus
544 611 605 671 suis
636 624 847 686 convenerunt,
881 626 911 676 et
959 624 1040 679 trium
1061 625 1199 680 mensium
1214 625 1294 680 nobis
1318 625 1420 680 vietam
1443 623 1551 681 suffecit
1574 623 1664 680 omnis
1688 621 1768 694 copia

97 695 203 745 mutam
219 693 447 767 pecuniamque
468 697 621 755 nonfacile
640 705 778 759 numerari
807 714 908 778 potest,
959 712 1063 767 mensis
1084 721 1187 769 nostro.
1204 713 1298 784 (thail.)
1313 712 1407 769 Turbo
1436 711 1598 787 gravissime
1618 719 1767 783 tempesta·

96 777 149 833 bac
165 779 274 836 ratione
293 781 471 840 dividendam
485 787 659 858 obtulerunt;
688 793 788 862 partim
803 795 909 853 scilicet
958 801 993 856 tis
1019 817 1069 871 per
1094 801 1164 857 linos
1180 807 1287 859 nostros
1311 801 1384 857 viam
1412 800 1536 867 molitus,
1552 798 1631 871 quasi
1660 797 1766 854 sulcum

95 869 123 923 in
138 872 342 930 sustentatione
358 891 521 948 pauperum,
538 881 636 952 partim
660 882 687 938 in
710 887 908 945 restauratione
958 891 1072 956 ducens,
1082 892 1165 948 onius
1177 891 1233 947 diei
1249 891 1348 947 itinere
1367 905 1479 962 queque
1494 888 1570 945 velut
1585 887 1703 942 llammis
1717 889 1767 943 de-

95 963 292 1034 ecclesiarum,
320 969 419 1039 partim
445 971 473 1025 in
500 988 567 1029 usus
597 975 711 1033 fratrum
739 979 768 1034 iu
791 980 909 1037 eeclesia
958 990 1036 1051 pasta
1056 997 1233 1049 consumens,
1253 980 1374 1055 lugenda
1396 978 1511 1054 vestigia
1531 975 1653 1049 reliquit.
1679 974 1768 1048 (ibid.)

97 1054 304 1130 llaliligemeasi
326 1058 539 1119 velWarereusi
549 1065 605 1121 lleo
619 1068 909 1128 servientiumlbbas
958 1073 1073 1130 Ascalon
1088 1082 1169 1145 capta
1184 1080 1226 1130 est
1238 1072 1273 1128 ab
1288 1072 1410 1128 exercitu
1437 1070 1558 1136 Domini,
1578 1069 1626 1142 qui
1642 1075 1684 1125 est
1704 1068 1768 1124 llic·

95 1147 178 1202 etiam
195 1147 454 1226 ilaliligemensiset
470 1153 568 1212 iratres
579 1157 640 1227 cius
653 1160 762 1231 pedites
774 1162 908 1236 usquead
958 1162 1114 1233 rosolpmis,
1140 1172 1168 1218 et
1188 1178 1346 1234 possessae
1365 1161 1484 1227 nostris;
1510 1159 1599 1215 multo
1615 1169 1705 1214 tamon
1726 1157 1769 1212 la·

94 1234 188 1305 ipsum
213 1237 329 1309 opidum
357 1251 566 1307 convenerunt,
594 1246 642 1301 ubi
664 1248 735 1304 albis
758 1250 848 1306 vestiti
879 1258 908 1308 ct
957 1252 1023 1309 bore
1047 1270 1079 1311 ac
1104 1255 1234 1310 diuturno
1258 1252 1342 1319 bello,
1368 1251 1561 1307 multisctiam
1585 1247 1718 1321 periculis
1740 1251 1769 1301 ct

95 1327 193 1397 cappis
210 1328 310 1395 induti,
328 1333 532 1402 processionem
551 1337 732 1398 multitudiue
755 1343 907 1400 monacho·
957 1345 1089 1419 gravibus
1114 1344 1223 1400 damnis
1252 1344 1330 1416 prius
1358 1342 1479 1399 exercitu
1498 1341 1613 1398 alilicto.
1644 1339 1767 1410 Namque

95 1426 157 1466 “¹¹¹¹
170 1415 325 1485 ⁰⁰¹¹¹P⁰⁸i²0
340 1427 368 1475 ⁰¹
381 1420 497 1479 ¹¹⁰¹¹²S²0
510 1424 722 1496 0ldi¹¹³les⁰⁰13
737 1436 765 1485 ei
784 1430 825 1487 Sic
839 1447 906 1487 0³11·
956 1437 1056 1493 diebus
1068 1445 1163 1494 sancte
1180 1435 1227 1492 Dei
1246 1435 1389 1511 genitricis
1413 1432 1599 1506 purificationi
1623 1429 1766 1504 proximis,

94 1502 192 1573 nudo,
209 1506 293 1563 Deum
314 1512 416 1581 atejus
431 1515 595 1590 genitricem
622 1519 816 1591 collaudando,
843 1540 906 1581 cuia
956 1545 1004 1585 rex
1023 1530 1274 1601 Hierosolymorum
1295 1528 1467 1599 procinctum
1495 1525 1591 1590 movit,
1613 1531 1704 1596 portas
1717 1522 1768 1578 ob·

94 1612 199 1671 magna
212 1598 299 1671 gloria
318 1608 347 1657 ct
359 1606 493 1676 applausu
515 1609 600 1664 totius
615 1612 722 1683 populi,
747 1615 794 1686 qui
810 1630 842 1672 ea
862 1617 907 1673 die
958 1621 1041 1690 sedit,
1055 1629 1083 1677 et
1103 1636 1197 1677 muros
1216 1621 1335 1676 civitatis
1367 1617 1468 1675 diffuso
1496 1616 1618 1673 exercitu
1647 1614 1767 1679 vallavit,
1814 1645 1817 1655 ι

94 1688 349 1748 dicuntorleread
372 1694 408 1751 30
429 1696 507 1753 milia
535 1703 710 1772 convenisse,
738 1705 767 1760 in
789 1706 908 1763 ecclesia
959 1710 1101 1767 nocturnis
1129 1709 1263 1779 excubiis,
1287 1710 1387 1765 diurno
1426 1706 1500 1763 bello
1527 1706 1567 1761 eis
1594 1706 1768 1760 incessanter

93 1778 185 1834 sancti
214 1779 317 1837 Nicolai
338 1783 521 1844 intraverunt.
554 1792 679 1849 ttteststi
706 1801 771 1850 sunt
800 1795 907 1866 fideles,
958 1799 1118 1866 imminens,
1135 1815 1221 1872 usque
1241 1800 1385 1855 intestam
1407 1795 1606 1868 assumptionis
1636 1792 1762 1862 eiusdem

94 1887 248 1944 numquam
273 1874 412 1948 sealiquo
434 1888 583 1950 conventu,
599 1884 646 1955 qui
677 1883 766 1942 iactus
792 1887 827 1943 sit
857 1889 907 1945 ali·
958 1889 1143 1946 sacratissime
1163 1888 1283 1963 Virginis
1306 1902 1397 1943 moras
1421 1886 1593 1958 pertrahens,
1624 1892 1650 1938 ct
1675 1880 1767 1936 inlati·

93 1964 619 2042 quando,siveimpcratorissivejnssn
630 1976 905 2050 Romanipontificis,
956 1979 1056 2054 gabilis
1069 1978 1231 2051 perdurans.
1248 1976 1375 2032 Proxima
1388 1990 1454 2049 ergo
1480 1974 1526 2029 die
1546 1973 1620 2028 illius
1635 1969 1763 2027 sacratis·

93 2069 149 2113 tam
165 2060 309 2117 honestam
327 2070 355 2118 ct
367 2072 421 2119 tam
438 2065 511 2123 bone
526 2070 681 2127 ordinatam
698 2072 905 2144 processionem
955 2071 1019 2127 simi
1048 2070 1120 2136 lasti,
1136 2069 1231 2125 turrim
1254 2084 1315 2124 cum
1340 2067 1398 2123 suis
1420 2064 1652 2122 machinamentis
1683 2074 1762 2118 muro

93 2150 209 2207 vidisse.
225 2152 368 2217 Quoddam
384 2156 687 2232 insuperbeuelicium,
708 2166 782 2238 quod
794 2182 849 2223 non
864 2174 906 2223 est
955 2163 1093 2230 admovit3
1114 2169 1142 2218 et
1153 2159 1267 2218 artificio
1283 2159 1465 2216 subterraneo
1484 2162 1575 2212 actum
1592 2163 1644 2221 est,
1661 2160 1690 2209 ut
1702 2168 1765 2207 mu-

92 2239 207 2296 silentio
222 2244 451 2314 pretereundum,
465 2246 522 2304 imo
536 2265 620 2321 super
639 2261 731 2308 cetera
760 2270 904 2312 commen·
954 2272 1001 2311 rus
1043 2255 1147 2310 cadens
1178 2253 1262 2308 latum
1305 2251 1460 2327 ingressum
1493 2245 1594 2302 nostris
1624 2242 1754 2314 preberet

92 2330 229 2398 dandum,
259 2332 320 2404 ipsa
342 2334 463 2410 gloriosa
482 2339 598 2397 Domina
621 2344 739 2401 contulit
767 2353 824 2403 toto
855 2347 904 2405 illo
955 2349 1050 2420 ltaque
1073 2345 1159 2401 nostri
1185 2350 1269 2400 ruunt
1290 2352 1318 2399 et
1342 2339 1589 2412 irruunt;primus
1608 2333 1765 2406 prepositus

90 2430 218 2494 tempore
233 2423 363 2484 fidelibus
376 2431 448 2499 suis;
474 2448 523 2504 per
537 2438 612 2506 quod
639 2436 712 2493 bella
736 2439 832 2506 multa,
849 2456 905 2512 que
954 2443 983 2492 et
996 2437 1051 2491 dua
1071 2434 1146 2490 illius
1164 2433 1312 2499 exercitus,
1328 2430 1376 2504 qui
1398 2428 1519 2484 fraterne
1543 2423 1684 2482 societatis
1700 2435 1765 2494 pro-

88 2511 147 2580 jam
171 2512 323 2589 instigante
338 2518 459 2595 maligno
479 2522 616 2580 concitata
638 2523 758 2594 lucrant,
776 2537 804 2583 et
829 2529 904 2584 sedi·
955 2530 1078 2604 sessione
1093 2528 1196 2600 templo
1223 2526 1351 2594 militant,
1368 2539 1430 2581 cum
1459 2536 1511 2577 suo
1540 2532 1630 2575 cuneo
1658 2515 1764 2587 irrepit,

91 2603 186 2659 tiones
199 2608 345 2678 consopite
359 2610 535 2682 quieveruut.
560 2614 627 2671 llum
643 2617 718 2672 enim
739 2618 904 2676 exdiversis
955 2632 983 2678 at
1008 2637 1097 2693 usque
1127 2621 1161 2675 ad
1191 2619 1311 2690 plateam
1347 2614 1475 2680 civitatis,
1511 2611 1620 2685 agmine
1650 2622 1762 2663 suorum

92 2691 217 2762 partibus
244 2694 323 2750 multi
351 2700 557 2769 convenissent,
583 2703 618 2759 de
650 2704 753 2777 quibus
779 2708 903 2763 auditum
954 2710 1094 2781 stipatus,
1123 2707 1313 2781 perveniens,
1342 2705 1457 2780 gadum
1487 2700 1560 2768 lixit;
1589 2697 1629 2754 ibi
1660 2702 1764 2752 artatus

92 2786 144 2845 est,
161 2779 236 2851 qnod
266 2781 371 2840 inimici
392 2793 486 2843 essem
511 2789 546 2844 ad
572 2789 701 2860 inuicem,
731 2794 822 2849 statim
843 2795 904 2852 sinc
954 2799 1088 2872 augustiis
1128 2798 1305 2870 platearum,
1340 2794 1469 2851 maceriis
1500 2787 1633 2855 cinctus,
1661 2793 1689 2842 ct
1718 2800 1763 2886 su:

91 2868 148 2924 ulla
173 2871 320 2928 exactione
346 2877 464 2946 pecunie
493 2879 536 2935 vel
555 2882 680 2953 qualibet
701 2884 899 2954 satisfactione,
952 2888 1212 2963 perimminentibus
1248 2893 1382 2942 tectorum
1416 2883 1584 2950 domatibus,
1618 2885 1646 2935 et
1685 2891 1761 2934 omna

90 2978 144 3034 que
158 2961 234 3017 inter
244 2964 385 3022 seculares
398 2969 426 3022 io
442 2968 600 3039 hujusmodi
617 2976 737 3048 negotiis
749 2977 818 3033 solet
829 2976 900 3046 beri,
952 2985 1028 3050 parte
1043 2977 1202 3033 confluente
1217 2974 1296 3031 turba
1316 2975 1532 3037 circumventus,
1548 2966 1714 3042 opprimitur
1735 2968 1763 3020 et

90 3050 150 3106 solo
165 3051 215 3107 liei
231 3052 329 3109 timore
349 3062 377 3111 et
399 3073 493 3115 amore
517 3060 641 3132 piissime
661 3064 757 3121 matris
772 3025 937 3140 correpti,C
953 3087 1015 3129 cum
1031 3072 1106 3129 omni
1136 3071 1217 3127 turba
1231 3085 1343 3125 suorum
1364 3068 1553 3124 obtruncatur.
1580 3065 1700 3130 Quorum
1719 3075 1764 3116 ca·

91 3141 251 3198 interventu
268 3143 392 3202 fidelium
409 3148 436 3205 in
465 3165 533 3221 pace
556 3154 727 3212 reconciliati
752 3166 827 3214 suut.
848 3159 905 3217 lloc
955 3160 1011 3234 pita
1025 3163 1054 3216 in
1066 3177 1153 3216 unum
1168 3159 1309 3217 cumulum
1320 3163 1536 3230 suntoongcsts,
1551 3161 1581 3210 ut
1596 3151 1654 3228 regi
1670 3148 1764 3220 Baby·

91 3234 171 3293 linito
187 3243 311 3310 tempore
324 3241 439 3298 relatum
460 3245 645 3304 estseretrom
668 3250 698 3305 in
718 3266 800 3324 supra
816 3254 905 3311 nomi·
954 3250 1028 3307 lonie
1043 3267 1093 3322 pro
1114 3251 1194 3327 signo
1213 3249 1328 3306 victorie
1347 3255 1534 3311 ostentarent;
1561 3257 1678 3314 corpora
1698 3253 1763 3294 varo

91 3338 185 3386 natam
205 3331 351 3389 ecclesiam
368 3350 430 3391 cum
454 3337 589 3410 reliquiis,
605 3357 657 3398 neo
677 3350 768 3400 tamen
782 3351 839 3402 toto
854 3345 901 3403 illo
955 3345 984 3399 in
1011 3360 1089 3400 muro
1117 3342 1335 3414 suspenderunt,
1364 3339 1446 3396 nobis
1473 3339 1706 3409 improperantes,
1736 3334 1764 3385 ct

90 3436 166 3477 anno
186 3422 271 3479 desiit
290 3432 380 3482 mater
393 3428 582 3487 misericordie
597 3448 613 3487 a
627 3435 715 3504 ceptis
729 3435 803 3491 circa
821 3435 902 3493 infir·
953 3433 1044 3488 verbis
1060 3431 1236 3503 blasphemie
1252 3431 1404 3486 exercitum
1428 3427 1477 3482 bei
1492 3428 1684 3498 provocantes.
1696 3419 1764 3474 Tan·

91 3530 152 3570 mos
172 3513 330 3573 beneficiis.
352 3520 446 3593 (ibid.)
465 3522 587 3580 Ecclesia
605 3525 694 3582 sancti
714 3527 817 3584 bertini
839 3546 901 3587 com
952 3522 1014 3577 dem
1031 3520 1116 3578 11082ri
1132 3520 1161 3574 in
1188 3519 1304 3575 D⁰¹¹¹5110
1319 3515 1466 3573 ⁰⁰¹¹s⁰s1t¹¹i
1491 3512 1549 3586 “³8⁶¹
1565 3508 1704 3574 (licebant,
1733 3514 1764 3562 ¹¹²

90 3603 222 3661 omnibus
249 3609 425 3680 appendiciis
448 3614 507 3670 suis
536 3616 679 3673 combusta
702 3625 744 3674 est
780 3619 807 3674 iu
841 3621 902 3692 ipso
952 3613 1268 3687 virilitcrpuguaret,et
1293 3608 1392 3665 dallei
1407 3603 1598 3662 misericordia
1626 3614 1682 3654 non
1707 3597 1757 3651 de-

91 3694 261 3754 lestosaocti
278 3699 393 3767 Bertini,
418 3704 483 3760 dum
508 3707 706 3765 matutinorum
734 3709 902 3785 sollempnia
951 3718 1096 3780 speraret,
1142 3706 1221 3776 cujus
1271 3713 1338 3763 tunc
1383 3703 1502 3759 maxime
1553 3697 1650 3753 adesse
1691 3691 1762 3748 solet

90 3786 258 3860 agebantur.
951 3799 1094 3867 auxilium,
1110 3814 1171 3855 anm
1194 3798 1273 3854 dcest
1286 3813 1338 3854 acc
1352 3802 1480 3868 speratur
1502 3794 1664 3848 humanum·
1681 3782 1759 3850 Qu⁰d

125 3873 205 3930 1153.
282 3876 313 3931 R.
334 3879 360 3933 l.
436 3881 465 3936 l'.
483 3881 525 3938 17.
601 3885 692 3941 ri.l¹l.
766 3888 795 3945 ll.
817 3891 843 3946 9.
950 3909 1016 3966 ergo
1035 3891 1249 3949 christianorum
1270 3891 1380 3963 proprie
1396 3886 1549 3960 presidium
1576 3889 1628 3948 est,
1652 3876 1761 3936 conica·

121 3962 219 4032 (Anat.
243 3965 357 4037 Aoum.)
387 3967 503 4040 Eclipsis
534 3972 602 4028 solis
622 3973 693 4030 lacta
722 3986 764 4033 est
789 3978 805 4033 'l
839 3978 896 4035 llal.
949 3985 1028 4041 sione
1044 3990 1232 4055 pcccatorum,
1257 3982 1471 4039 elemosinarum
1502 3976 1640 4050 largitate.
1666 3968 1759 4026 eide·

88 4051 154 4108 Feb.
173 4053 202 4109 in
230 4055 248 4109 2
274 4055 355 4122 leria3
375 4059 392 4113 b
411 4060 476 4115 ldus
491 4062 630 4119 Februarii
653 4066 681 4122 in
699 4068 717 4123 2
737 4068 805 4125 laria
826 4071 899 4127 toni·
949 4072 1101 4128 notissimis
1116 4071 1369 4151 supplicationibus
1378 4087 1408 4126 sc
1420 4068 1535 4125 [lomino
1544 4061 1761 4122 comminentes.

87 4154 182 4201 troam
207 4147 331 4204 auditum
355 4161 405 4206 est.
422 4152 613 4212 brusellenses
632 4158 745 4230 opidani
769 4161 897 4230 injuriam
948 4168 977 4216 ct
990 4168 1085 4218 sancte
1099 4162 1146 4218 llei
1162 4162 1290 4234 genitrici
1303 4167 1366 4218 vota
1391 4160 1536 4221 iacientes,
1551 4151 1643 4211 “tertia
1667 4143 1762 4204 dicad

86 4251 172 4308 quarn
191 4237 324 4307 preterito
335 4255 409 4296 anno
429 4241 522 4298 abbati
538 4250 565 4299 ct
584 4245 714 4304 iratribus
727 4249 787 4318 ejus
801 4261 898 4324 utpote
949 4267 1056 4307 murum
1086 4263 1274 4320 accesserunt,
1307 4255 1489 4308 instrumenta
1514 4246 1625 4311 bellica,
1656 4237 1760 4294 maelii·

87 4327 218 4383 homines
236 4328 307 4384 dura
330 4331 437 4389 cervice
460 4343 489 4389 et
513 4335 540 4391 in
569 4353 619 4392 sua
638 4341 778 4397 sententia
798 4318 1039 4400 meniisDnaset
1064 4344 1385 4411 balistasadmoveruat,
1416 4340 1470 4396 lide
1495 4340 1662 4394 constantes.
1693 4327 1763 4383 crux

86 4413 228 4471 obstinate
242 4416 402 4484 intulerant,
419 4422 471 4478 boc
485 4439 559 4480 anno
572 4436 760 4498 correxerunt,
777 4431 830 4489 boc
847 4435 899 4490 sei·
948 4450 1013 4490 vero
1028 4436 1167 4494 dominica
1182 4438 1211 4493 in
1226 4438 1352 4493 manibus
1368 4434 1523 4507 patriarche
1538 4442 1638 4503 agmen
1660 4437 1759 4495 prece·

87 4506 155 4562 lieet
174 4508 273 4565 modo:
303 4511 367 4582 quia
396 4513 449 4585 ipsi
478 4517 620 4574 Dominam
644 4530 765 4578 nostram
797 4556 832 4567 -
857 4527 899 4584 sic
948 4528 1041 4597 debat,
1061 4531 1244 4588 certissimum
1259 4529 1374 4587 victorie
1401 4528 1512 4600 pignus,
1546 4519 1620 4594 quod
1647 4529 1759 4586 semper

87 4601 262 4658 enimaiont
281 4604 354 4676 (39l)
379 4608 463 4664 —de
482 4610 600 4668 ecclesia
619 4614 778 4673 Wavereusi
797 4619 898 4678 devote
949 4621 1052 4677 nostris
1077 4623 1249 4680 inomnibus
1276 4621 1371 4694 preliis
1400 4619 1459 4675 suit.
1491 4615 1558 4670 'lum
1586 4626 1652 4669 vero
1673 4608 1761 4665 virtus

86 4701 116 4747 et
131 4692 275 4750 humiliter
294 4696 432 4767 tollentes,
454 4716 516 4756 cum
540 4703 645 4761 bonore
660 4717 854 4781 susceperunt,
870 4717 897 4768 et
949 4713 1057 4769 Domini
1091 4715 1236 4772 manifesta
1265 4714 1327 4783 luit,
1354 4715 1462 4786 linguas
1490 4708 1668 4779 blasphemas
1689 4701 1759 4759 edo·

87 4797 139 4837 suo
168 4789 294 4854 tempore
319 4786 433 4857 pacifice
456 4797 484 4844 ot
508 4807 568 4847 cum
598 4796 700 4869 gaudio
721 4799 895 4858 remiserunt.
948 4806 1027 4872 muit,
1045 4815 1191 4865 etomncm
1208 4797 1760 4877 confidentiamsuperborumdeJecit,et

87 4871 182 4943 (laid.)
199 4871 340 4946 Eugenius
355 4892 426 4947 papa
449 4878 523 4935 diem
547 4882 673 4940 ultimum
690 4886 809 4956 claudit;
833 4907 898 4947 suc·
947 4897 1065 4954 consilio
1084 4895 1240 4968 dissipavit.
1254 4895 1300 4951 Vir
1313 4895 1361 4952 ille
1376 4895 1424 4968 qui
1438 4890 1626 4966 praemaluit,
1641 4896 1668 4944 ot
1682 4883 1759 4943 omni

85 4960 164 5016 cedit
177 4962 203 5017 ei
217 4962 361 5023 Ilouradus
384 4967 473 5037 l5802,
498 4971 596 5029 Sancte
620 4974 722 5033 Sabine
736 4980 897 5053 episcopus,
949 4994 1073 5059 tempore
1087 4986 1243 5043 obsidionis
1265 4988 1292 5041 iri
1314 4986 1436 5044 exercitu
1453 4983 1570 5050 duravit,
1591 4978 1665 5053 quod
1679 4973 1760 5040 vidit,

86 5055 253 5112 Anastasius
266 5060 433 5131 appellatus,
454 5064 571 5123 vicarius
590 5069 696 5126 domini
709 5089 780 5146 pape
797 5077 899 5147 prede·
950 5081 1030 5137 nobis
1045 5080 1174 5136 narravit.
1190 5081 1315 5138 Percussi
1342 5087 1406 5138 sunt
1420 5096 1519 5138 omnes
1538 5077 1664 5139 cecitate,
1679 5073 1715 5126 ita
1730 5077 1761 5126 at

85 5146 209 5202 cessoris
223 5149 277 5206 sui.
294 5150 417 5210 Domnus
430 5172 543 5230 quoque
562 5161 718 5220 bernardus
732 5165 819 5222 abbas
837 5167 898 5224 Gla·
949 5189 1011 5229 cum
1026 5174 1148 5232 molares
1171 5173 1278 5247 lapides
1296 5173 1395 5231 balista
1415 5188 1466 5230 suo
1486 5171 1591 5242 impetu
1607 5168 1635 5222 in
1666 5163 1760 5220 medio

86 5236 261 5306 ravellensis,
286 5242 333 5313 qui
371 5246 450 5317 quasi
491 5249 589 5306 luciler
624 5262 746 5325 exortos,
771 5258 896 5315 ordinem
950 5279 1051 5320 eorum
1066 5263 1215 5330 emitteret,
1229 5264 1323 5320 nullus
1337 5263 1459 5336 lapidem
1476 5260 1632 5317 venientem
1648 5253 1760 5316 viderit.

86 5337 213 5386 nostrum
242 5331 410 5406 illustrabat,
433 5340 560 5415 migravit
578 5344 613 5399 ad
633 5345 797 5417 bominums
821 5351 901 5423 eujus
949 5359 980 5408 ut
994 5369 1010 5408 a
1023 5353 1085 5410 loco
1101 5352 1224 5422 cederet,
1240 5353 1381 5428 ictumque
1397 5351 1497 5425 lapidis
1512 5348 1672 5406 declinaret.
1689 5345 1760 5410 Quid

86 5415 142 5473 rita
170 5424 201 5475 et
225 5420 351 5481 doctrina
375 5425 404 5482 in
420 5435 525 5486 uotum
541 5433 662 5503 excellit,
690 5442 721 5494 ut
745 5439 836 5496 minus
852 5440 898 5510 sit,
949 5444 1160 5504 multatcoacti
1179 5453 1254 5514 sunt,
1269 5462 1351 5519 quain
1372 5451 1552 5522 negaverant,
1572 5440 1621 5498 bei
1634 5440 1761 5498 confiteri

120 5617 196 5692 (3⁹4)
210 5620 405 5683 iletre-name,
866 5570 972 5630 NOTAE.
