3720 6014
92 203 161 263 itur
595 192 738 253 albulis
757 188 914 251 lohulidi
933 185 1081 246 hohhchl
1100 181 1251 244 FLOllth.
1696 177 1757 236 tito

120 329 165 385 25.
196 329 245 384 Bis
273 324 397 382 omnibus
417 323 549 380 accedunt
570 324 617 380 leo
645 325 828 391 marsicanus,
861 316 1087 390 ecAtriciacus,
1102 315 1194 385 inquit
1207 311 1366 377 Aimoinus,
1382 306 1567 365 dieiturvilla
1582 306 1613 363 in
1626 306 1759 380 Augusto·

86 418 214 477 monacho
243 416 385 474 Gasinercsi
402 414 552 470 cardinalis
577 413 717 480 Ostiensis,
750 416 776 466 et
801 413 896 468 Petrus
946 410 1066 469 dunensi
1086 407 1225 466 territorio
1245 403 1367 481 regionis
1396 404 1567 478 Burgundiae
1597 403 1666 460 sita.
1695 401 1761 458 lianc

87 512 228 576 diaconus,
244 524 297 580 qno
312 510 339 564 in
368 507 498 565 Chronico
518 507 659 564 Cannensi
678 506 760 576 plura
773 505 897 572 referunt
947 502 1127 570 hechardus,
1174 514 1268 556 comes
1306 496 1535 572 Burgundionum
1586 493 1760 559 ditissimus,
1804 548 1807 555 ,

88 610 177 665 sancti
194 606 335 662 Benedicti
348 604 495 672 miraculo,
509 603 595 676 plura
608 605 672 658 item
687 606 780 658 Petrus
796 602 827 656 in
841 601 896 656 Bi·
946 603 1042 652 sanctc
1062 591 1214 650 Benedicta
1229 597 1260 646 et
1282 588 1411 645 iratribus
1430 586 1622 646 floriacensis
1644 583 1762 642 coenobii

88 699 175 754 storia
189 694 352 752 inuentionis
367 696 487 765 carparis
498 694 587 750 saneti
600 692 736 748 Benedicti
754 693 785 746 in
798 691 898 746 liertio
948 680 983 737 ad
992 681 1190 754 stipendiarios
1205 680 1339 757 quosdam
1354 688 1481 753 sumpius
1493 681 1623 758 benigna
1637 677 1762 753 largitate

88 784 362 842 ucrmndianceditc.
948 771 1077 828 contulit.
1091 772 1150 838 Quo
1169 772 1302 829 defuneto
1313 787 1346 829 ac
1364 771 1393 826 in
1404 770 1577 828 Floriacensi
1594 766 1764 826 monastario

124 876 170 932 26.
195 879 239 933 Bc
252 876 293 931 his
306 876 428 932 omnibus
448 879 564 945 quatiar
583 877 689 928 tentum
706 871 789 939 selepi
808 871 898 925 aucta-
947 864 1026 937 juxta
1040 866 1186 923 eeclesiam
1202 867 1310 924 Sanctae
1324 865 1415 922 llariae
1427 864 1549 939 sepulto,
1568 865 1766 921 inmemorem

91 982 145 1034 res,
158 969 275 1037 acceptis
288 964 449 1034 Adalbcrto,
464 962 614 1020 Adreocldo
633 966 658 1017 et
674 961 812 1023 Adelerio,
832 975 901 1030 quc-
951 958 1128 1029 possessione
1147 959 1245 1016 iratres
1263 958 1463 1016 habitationem
1479 958 1533 1015 sibi
1549 962 1731 1015 statuerunt:
1745 953 1767 1009 in

91 1078 153 1119 rum
165 1060 294 1131 opusculo
306 1063 415 1114 enatant
427 1060 458 1113 in
471 1057 572 1114 Saeuis
589 1058 612 1112 ll
624 1071 685 1111 cum
695 1056 820 1112 Aimoini
834 1070 901 1125 poe-
951 1071 1006 1127 qua
1021 1054 1103 1112 etiam
1117 1055 1215 1112 deletis
1234 1072 1249 1111 a
1264 1053 1387 1112 Floriaco
1407 1053 1434 1110 S.
1455 1053 1545 1111 Patris
1560 1050 1714 1110 Benedicti
1733 1064 1770 1104 rc-

93 1155 164 1208 mate
183 1149 216 1204 dc
236 1149 424 1205 translatione.
450 1146 547 1213 Selepi,
572 1147 693 1215 inquam,
723 1143 901 1208 diedericum,
951 1145 1057 1218 liqniis,
1072 1146 1191 1203 eeclesia
1209 1147 1356 1204 inhonore
1372 1145 1466 1202 Deion
1490 1145 1630 1202 Gloriosae
1655 1140 1769 1218 Virginis

94 1241 259 1305 dimdium,
274 1237 425 1304 R⁰d¹1lil¹m
450 1235 603 1290 TOTlBl'i‘Bm
623 1232 673 1304 (¹),
692 1235 718 1287 il
735 1230 903 1287 Desiderium
952 1237 1042 1294 llariae
1053 1238 1193 1312 simulque
1208 1238 1314 1315 egregii
1332 1236 1768 1310 ipsiuseoniessorisconstructa

94 1344 142 1385 seu
164 1331 307 1386 Vi'iwiim·
333 1326 467 1382 05⁰de
491 1325 610 1395 priorem
634 1323 771 1377 dimidii
799 1324 904 1391 partim
953 1337 1019 1397 est,
1049 1346 1132 1402 quam
1170 1331 1314 1387 basilicam
1343 1329 1468 1386 Christus
1499 1328 1645 1386 Dominus
1670 1325 1770 1381 meritis

97 1418 174 1472 edire
194 1420 283 1472 visum
297 1423 345 1482 2⁸¹,
370 1416 471 1486 ritiilss
484 1413 612 1478 secunda,
629 1427 691 1483 qua
708 1414 747 1466 θεῖ
766 1410 798 1464 di
810 1410 906 1479 iiiiii·
955 1426 1058 1474 sanctae
1076 1435 1134 1476 suae
1150 1418 1307 1487 Genitricis,
1335 1434 1388 1475 nec
1412 1433 1468 1475 nou
1485 1416 1583 1474 dilecti
1609 1414 1714 1473 iemuli
1734 1415 1768 1470 sui

97 1513 168 1568 tione
196 1512 314 1580 torporis
346 1511 434 1564 sancii
460 1506 599 1564 Benedicti
612 1520 661 1577 ptr
687 1504 904 1567 carolomanum,
955 1507 1097 1565 Benedicti
1117 1510 1271 1582 saepissime
1286 1508 1425 1565 miraculis
1440 1507 1582 1564 illustrem
1598 1504 1740 1563 reddidit.

97 1620 180 1675 quam
191 1607 253 1673 post
267 1602 417 1657 illationem
432 1599 563 1656 accidisse
576 1600 672 1671 supina
690 1612 781 1654 errore
799 1596 945 1700 scribitss
990 1599 1036 1656 29.
1055 1600 1120 1667 Quis
1134 1602 1220 1669 tuerit
1238 1603 1289 1657 iste
1316 1600 1453 1658 Becardus
1472 1614 1568 1660 eomes.
1599 1613 1692 1671 queue
1709 1601 1768 1654 ten·

96 1697 220 1752 Aimoini
234 1694 338 1748 duobus
349 1692 428 1747 tibris
440 1692 555 1762 subjicio
570 1691 669 1746 librum
682 1691 789 1760 hadulfi
809 1691 908 1745 rama-
954 1705 1020 1766 pore
1040 1693 1162 1759 ilomerit
1185 1692 1259 1748 dccet
1277 1706 1325 1748 nos
1352 1693 1487 1761 cereptum
1513 1690 1702 1760 antiquitatis
1716 1704 1769 1743 mo-

96 1788 145 1854 rii,
169 1799 277 1840 nominoe
296 1784 433 1851 nncapmi
463 1798 481 1837 u
505 1784 607 1838 Ioanne
633 1782 725 1836 Bossia
752 1780 905 1848 culpatum,
955 1788 1122 1850 numentum,
1144 1781 1320 1837 chartarium
1335 1781 1437 1837 scilicet
1458 1780 1679 1844 Patriciacense,
1703 1777 1770 1848 quod

96 1872 319 1930 omhsisducirus
342 1871 420 1926 litris
448 1872 567 1925 metricis
586 1869 704 1939 ejusdem
727 1869 857 1931 Tortarii,
877 1869 906 1921 iu
955 1890 1044 1946 nuper
1056 1874 1129 1944 tppis
1143 1870 1284 1940 culpatam
1296 1872 1335 1926 est
1346 1867 1424 1939 apud
1437 1866 1610 1938 Stephanum
1627 1866 1772 1920 Persidem

97 1981 211 2038 quorum
235 1967 328 2036 primo
347 1964 464 2021 Arrdrcoe
491 1964 617 2020 monachi
643 1963 764 2018 libellum
786 1962 907 2017 omuibus
956 1969 986 2022 in
999 1966 1149 2022 collectione
1162 1966 1280 2018 ueterum
1293 1963 1534 2017 instrumentorum
1549 1957 1591 2013 ad
1604 1955 1773 2026 Burgundio

12 2118 14 2122 ,
96 2057 197 2125 reddit,
213 2059 242 2111 in
262 2056 476 2120 ascendebam,
496 2070 574 2125 quem
593 2054 636 2109 hie
655 2053 775 2120 cohibea,
791 2053 908 2108 Andreae
959 2059 1108 2114 Historiam
1116 2057 1319 2126 pertinentium.
1336 2054 1501 2111 chartaceus
1512 2053 1568 2107 iste
1586 2049 1679 2106 codem
1694 2047 1776 2119 dipic

97 2147 224 2202 monachi
242 2147 405 2215 opuseulum
419 2146 495 2200 istud
515 2145 664 2200 intercidit.
686 2146 806 2200 Tartarii
824 2145 909 2199 versio
957 2155 1034 2207 mara
1048 2151 1164 2217 triginta
1173 2163 1268 2204 nucem
1283 2148 1411 2213 coritium,
1423 2147 1454 2200 im
1467 2158 1586 2215 quarum
1596 2143 1695 2215 primo
1710 2141 1775 2209 tepi-

96 2238 209 2292 ntetriea
220 2240 310 2291 exstat
323 2238 354 2290 in
367 2237 467 2290 liertio
484 2235 675 2302 Bollandiana,
695 2235 743 2289 sed
757 2238 814 2289 tarn
826 2233 908 2289 emilis
959 2245 1006 2295 tur
1019 2238 1131 2295 domatio
1150 2237 1253 2309 prodii
1271 2235 1409 2291 Patriciae
1440 2233 1475 2288 ab
1491 2231 1642 2288 Beccardo
1652 2231 1732 2299 sacta
1747 2230 1776 2284 ud

98 2335 123 2386 et
133 2330 233 2401 jejuna
243 2335 271 2385 ut
282 2334 384 2400 prater
393 2329 667 2399 nudasinfirmorum
676 2331 829 2386 curationes
838 2328 910 2383 nihil
959 2330 1120 2405 coniugium
1135 2326 1373 2400 supradictorum
1396 2323 1603 2382 monachorum
1630 2323 1778 2378 Floriacen·

99 2424 157 2491 {ere
185 2422 357 2477 emolumenti
371 2437 405 2476 ec
420 2437 451 2476 ea
465 2421 526 2476 elici
538 2436 613 2490 posse
635 2420 771 2476 uideatur.
787 2422 822 2476 Et
844 2434 909 2490 poe·
959 2426 1046 2492 sium3
1062 2423 1110 2478 ubi
1132 2420 1255 2478 notanda
1269 2419 1324 2475 hoec
1335 2419 1433 2474 umba:
1461 2414 1519 2489 Ego
1534 2414 1683 2472 chrdus
1708 2415 1774 2472 dono

98 2512 181 2565 mulii
194 2509 357 2565 scordium:
960 2512 1009 2569 bei
1025 2526 1129 2581 eomes,
1145 2514 1173 2566 et
1187 2509 1288 2579 conjux
1302 2522 1365 2564 mea
1379 2503 1533 2569 Biebeldis,
1547 2511 1692 2576 pauentes
1706 2504 1774 2560 diem

138 2596 203 2662 Quae
218 2597 267 2652 tibi
288 2596 323 2653 de
343 2597 429 2672 gestis
455 2597 599 2669 scripsisse
623 2597 761 2670 stupenda
789 2597 911 2670 paternis
961 2610 1091 2662 extremae
1118 2600 1282 2669 vocationis,
1306 2615 1342 2656 nc
1362 2595 1466 2673 marcii
1492 2595 1570 2653 mole
1584 2596 1776 2668 peccaminum

177 2689 280 2745 Dicitur
298 2688 744 2757 dndt'issisfislsslfl1¹⁰³li⁸¹¹018h
960 2697 1022 2754 aine
1037 2694 1129 2752 fractu
1143 2693 1210 2752 boui
1226 2690 1322 2766 operis
1348 2690 1461 2748 steriles
1481 2687 1683 2757 inveniamur,
1700 2687 1778 2745 dono·

58 2807 59 2810 ’
137 2783 795 2857 A1L8m0i11110pul¹1⁸feriesslefleopaltrtlur
961 2809 1024 2850 mus
1049 2807 1101 2865 pro
1128 2788 1228 2846 animae
1249 2793 1350 2842 nostrae
1370 2782 1496 2842 remedio
1510 2789 1599 2856 atque
1616 2783 1648 2839 in
1665 2783 1780 2839 eleemo-

176 2873 271 2946 ¹ti¹1⁰m
286 2872 351 2928 dum
367 2889 488 2940 sacrum,
505 2873 551 2930 (1³²
563 2873 619 2929 Sibi
634 2875 778 2930 mutilium
961 2898 1031 2954 syna
1047 2877 1242 2936 childebranni
1266 2873 1401 2951 genitoris
1416 2872 1472 2929 mei
1491 2878 1521 2928 et
1546 2871 1701 2946 genitricis
1716 2887 1777 2927 merc

139 2960 227 3018 Putris
239 2962 452 3034 relliquiasurbi
468 2968 577 3038 gesture
592 2965 738 3020 verendus.
926 2971 1115 3045 cbonnauae,
1130 2982 1182 3024 nec
1196 2982 1253 3023 non
1267 2964 1392 3042 germani
1408 2963 1499 3020 iratris
1521 2963 1579 3019 mei
1597 2962 1775 3030 Theoderici,

176 3048 410 3122 Quodposcqumn
425 3049 501 3116 iecit,
517 3052 602 3122 pestis
618 3052 713 3124 iniqua
729 3055 810 3124 peric.
963 3067 991 3116 ct
1022 3073 1138 3116 uxorum
1158 3071 1283 3112 mearum
1309 3052 1480 3130 sinegundis
1506 3057 1595 3124 atque
1628 3052 1777 3119 niehetdis,

107 3136 238 3204 Mam
251 3137 309 3193 alia
328 3139 445 3205 iuferius
461 3139 522 3193 inde
534 3139 669 3196 adducam
685 3141 718 3196 de
735 3143 801 3198 celia
814 3146 914 3202 Barsi·
963 3148 1153 3221 donutumque
1163 3148 1192 3203 in
1207 3152 1375 3219 perpetuum
1388 3160 1450 3201 esse
1463 3142 1598 3200 volumus
1613 3159 1663 3200 res
1674 3149 1778 3200 nostrus

104 3232 228 3287 nonensi.
248 3229 396 3299 Bodulfum
415 3231 626 3302 subsequuntur,
641 3235 691 3304 qai
701 3235 853 3305 precedere
865 3238 914 3294 de·
964 3241 998 3296 ad
1010 3237 1210 3295 monasterium
1226 3236 1334 3292 Sancto
1348 3233 1440 3290 llariae
1451 3239 1481 3289 et
1495 3231 1593 3289 Sancti
1606 3232 1684 3290 Petri
1700 3241 1779 3305 atque

106 3323 231 3393 buerant,
248 3327 381 3381 Besiderii
394 3342 442 3382 seu
460 3328 577 3384 Victoris
599 3329 714 3399 dialogi,
731 3334 762 3386 ut
787 3335 915 3389 continua
964 3330 1056 3388 Sancti
1087 3328 1230 3386 Benedicti
1257 3324 1438 3384 floriacensis
1463 3324 1530 3380 libri
1553 3324 1602 3397 [an
1631 3324 1711 3398 loei],
1735 3323 1779 3380 ubi

108 3419 176 3475 terie
187 3418 322 3473 miracula
344 3420 371 3473 in
396 3419 497 3486 dultia,
514 3424 569 3476 tam
583 3421 640 3476 alio
654 3424 683 3477 in
698 3423 782 3478 ltalia
793 3426 870 3493 iacta
883 3427 915 3481 oh
965 3422 1026 3496 ipse
1040 3432 1154 3478 sanetus
1168 3419 1335 3476 Benedictus
1348 3416 1443 3474 debito
1457 3416 1581 3491 quiescit
1602 3416 1727 3486 honore,
1738 3415 1777 3472 rel

106 3510 194 3566 oculos
217 3527 387 3582 poneremus.
411 3512 547 3569 Desiderii
577 3514 700 3585 dialogus
726 3531 760 3571 em
785 3518 916 3575 Vaticano
965 3509 1575 3593 uhipraesseeognoscitmvirvenerahilis
1590 3509 1684 3568 abbas
1694 3509 1781 3567 iecu-

107 3601 197 3658 ccdice
209 3619 260 3659 ms.
275 3606 346 3659 eruit
368 3606 483 3660 Joenncs
509 3607 635 3675 Baptista
654 3608 758 3675 Marus,
779 3611 916 3668 Romanus
966 3604 1063 3663 hcrtus
1081 3620 1137 3662 nnn
1158 3620 1220 3661 eum
1240 3602 1361 3676 plurima
1381 3599 1464 3657 turbu
1494 3598 1706 3656 monachorum
1735 3597 1785 3653 ibi·

108 3695 265 3762 canonicus,
282 3697 327 3749 uir
350 3710 415 3750 sone
427 3695 461 3750 de
473 3696 613 3766 republica
632 3697 771 3752 litteraria
788 3702 813 3753 et
839 3701 918 3756 Bene·
968 3695 1032 3752 dem
1056 3693 1173 3751 Bomino
1189 3691 1400 3759 famulantium
1421 3703 1483 3762 quae
1504 3687 1560 3743 sita
1580 3693 1652 3744 suut
1671 3687 1784 3762 inpage

111 3780 216 3836 dictiue
229 3781 534 3854 ornamentorumque
549 3785 698 3840 illustrauit
716 3786 917 3857 eruditisuotis,
967 3786 1217 3863 Augustoduncnse
1232 3791 1314 3858 atque
1342 3782 1371 3838 in
1391 3795 1463 3857 pago
1484 3778 1711 3848 llatiscoueuse,
1735 3794 1781 3835 seu

110 3891 179 3949 pnes
194 3879 260 3948 quia
279 3880 418 3948 preposita
436 3883 528 3934 nostro
547 3880 751 3937 accommodum
769 3886 841 3952 sunt,
859 3884 919 3951 sere
968 3877 998 3933 in
1014 3876 1208 3943 cabilonense,
1225 3873 1253 3930 id
1268 3879 1310 3930 est
1323 3872 1352 3928 in
1371 3870 1437 3928 uilla
1448 3884 1512 3944 qum
1527 3867 1637 3926 dieitur
1651 3868 1784 3925 Patricia·

109 3969 219 4034 integra
229 3966 382 4022 adverbum
396 3967 522 4022 cohibere
535 3971 622 4024 cisum
637 3974 683 4025 cst.
695 3969 849 4028 beside-ius
861 3975 919 4030 ini·
971 3983 1030 4036 eus,
1046 3983 1109 4025 cum
1124 3965 1242 4023 ecclesia
1255 3965 1284 4021 in
1298 3965 1403 4022 honore
1413 3960 1502 4019 saneti
1511 3961 1587 4018 Petri
1603 3969 1724 4026 morata,
1737 3966 1783 4016 ac.

112 4055 149 4108 tio
159 4052 263 4121 citatam·
273 4057 413 4124 promittit
426 4060 545 4125 quatuor
558 4057 641 4113 lihros
657 4061 693 4113 Be
710 4061 850 4116 miraculis
862 4067 918 4120 tum
970 4061 1037 4117 Bata
1056 4061 1085 4116 in
1101 4074 1198 4116 mense
1211 4057 1342 4114 ianuario
1356 4071 1430 4114 auno
1443 4053 1536 4129 primo
1549 4051 1667 4126 imperii
1681 4052 1783 4111 domini

109 4151 295 4219 personatum
305 4148 915 4221 Benedictum,cumperaliessanctasmami·
970 4150 1058 4208 Caroli
1083 4149 1214 4223 junioris,
1242 4164 1336 4220 nernpe
1362 4148 1439 4206 Geloi
1471 4145 1576 4204 aurini
1599 4146 1708 4202 scilicet
1734 4144 1783 4201 876

111 4256 153 4297 me
171 4243 230 4312 ejus
245 4242 394 4313 discipulos
406 4246 535 4313 patratis,
551 4260 665 4315 quorum
679 4245 849 4318 duo‘priores
861 4253 917 4306 mi·
968 4248 1086 4303 ineunte.
1105 4246 1205 4303 Vitium
1218 4246 1289 4302 hane
1305 4260 1365 4301 eum
1378 4243 1578 4316 appendicibus
1598 4257 1618 4299 a
1645 4242 1781 4299 Ludooioo

113 4332 210 4386 racula
226 4332 328 4397 comiti,
344 4331 396 4386 alii
409 4332 462 4387 duo
474 4334 608 4389 miracula
627 4337 657 4389 iu
676 4336 740 4391 aliis
754 4338 841 4394 ltalia
854 4339 920 4396 locis
931 4337 1095 4418 Delupustu
1109 4334 1180 4391 dono
1192 4338 1331 4405 acceperet
1342 4334 1480 4390 Bccardus
1491 4333 1594 4389 litteris
1609 4331 1688 4388 datis
1700 4330 1785 4388 Picta-

114 4420 193 4487 sacta
206 4424 418 4490 reproeserrtont3
438 4422 484 4477 aed
507 4424 562 4477 sice
582 4425 606 4477 is
628 4439 682 4478 riou
698 4425 841 4492 perfecerit
854 4443 920 4497 opus
970 4427 1012 4483 ris
1025 4443 1051 4481 ur
1063 4425 1110 4482 llnl
1130 4425 1263 4495 ianuarii,
1280 4441 1354 4482 anuo
1365 4424 1474 4497 imperii
1489 4424 1629 4500 vigesimo
1655 4423 1786 4498 septimo,

112 4528 202 4582 tuum,
222 4516 277 4569 sice
299 4517 435 4582 turcarum
463 4529 518 4570 nou
540 4515 638 4571 reddat
656 4515 740 4571 eaden
762 4517 920 4587 Vaticanus,
972 4518 1125 4575 indictione
1135 4519 1227 4588 tertis,
1240 4519 1271 4575 id
1288 4523 1327 4575 cst
1340 4518 1389 4575 sub
1403 4521 1484 4588 inem
1502 4520 1573 4574 anni
1587 4517 1655 4575 839.

114 4607 164 4677 qui
183 4605 246 4660 olim
259 4605 317 4672 tuit
332 4606 502 4661 Bibliotheca
517 4607 682 4674 casinensis,
693 4609 757 4678 treis
770 4611 846 4664 tertii
855 4611 923 4665 tidri
1008 4611 1052 4667 30.
1080 4614 1125 4670 Bc
1149 4612 1191 4667 his
1209 4611 1343 4668 manullo
1367 4610 1498 4666 discimus
1516 4610 1664 4666 obamuatu
1693 4610 1787 4679 digram

114 4702 139 4753 et
153 4691 349 4768 tatuspaortus
362 4698 458 4755 ednas
472 4701 583 4755 minime
594 4704 725 4771 peruenit.
970 4704 1102 4774 primum,
1128 4701 1247 4758 Becardi
1272 4703 1377 4757 comitis
1400 4715 1483 4769 penus
1514 4714 1549 4755 en
1567 4704 1655 4771 patro
1683 4701 1789 4759 childe-

497 4787 542 4842 lll·
975 4795 1092 4861 branuc,
1107 4794 1254 4863 Niheiunpi
1271 4795 1375 4850 comitis
1389 4792 1598 4864 (utputolhlio,
1614 4797 1641 4849 et
1659 4797 1791 4850 amam

152 4875 198 4930 Bi.
213 4877 316 4931 Proetrr
343 4876 471 4933 Casinum
496 4881 521 4933 et
546 4878 707 4943 Florianum,
727 4895 787 4949 pue
801 4879 859 4936 loca
880 4882 927 4937 in·
975 4889 1217 4943 Bonnanaunores
1231 4886 1423 4955 Albepundem,
1439 4900 1475 4941 en
1486 4885 1696 4955 ildeprandum,
1710 4891 1736 4942 ep
1749 4888 1791 4943 gp.

115 4968 447 5039 signieribusproecentioe
460 4984 516 5024 sua
538 4971 647 5025 indiciis
667 4971 926 5029 decorauitsauctus
977 4976 1103 5040 chiidcm,
1122 4977 1313 5032 Theodericum
1326 4977 1451 5044 fratrem.
1468 4977 1512 5032 Bu
1526 4975 1651 5046 cjttsdem
1675 4975 1793 5034 Beecrdi

117 5060 211 5128 Pater,
224 5062 256 5115 in
277 5060 404 5129 subjectis
426 5061 504 5117 libris
518 5061 687 5117 celebrentur
700 5062 758 5117 alia
781 5064 846 5131 duo,
861 5065 928 5119 cella
978 5068 1145 5134 testamento,
1161 5081 1220 5135 prta
1235 5066 1439 5121 chartaordine
1457 5067 1556 5136 quinta
1579 5069 1632 5132 est,
1663 5065 1793 5122 discimus

116 5153 219 5208 seilicet
244 5154 428 5208 Patriaocnsis
454 5157 479 5209 et
506 5155 724 5222 Berciumtensis,
744 5157 793 5210 ubi
816 5161 927 5214 sanctus
978 5157 1033 5226 ipsi
1046 5155 1301 5224 permanamiuisoe
1319 5155 1449 5211 Adonem
1467 5153 1631 5210 monachum
1649 5156 1684 5210 in
1698 5154 1796 5210 hirauo

115 5244 275 5300 Benedictus
291 5246 434 5302 miraculis
449 5247 559 5300 claruit.
978 5259 1024 5300 seu
1043 5243 1160 5301 hlarano
1178 5247 1352 5310 monasterio,
1381 5248 1425 5301 cui
1448 5250 1504 5300 tam
1521 5245 1666 5316 praefecta
1687 5248 1797 5303 Bertra·

149 5337 194 5391 28.
210 5339 246 5391 Be
261 5338 418 5393 Patricieca
443 5342 529 5406 apunt
553 5339 693 5393 timoinus
707 5340 736 5393 iu
750 5339 798 5397 tib.
816 5355 845 5408 u,
866 5355 927 5411 cup.
978 5336 1053 5391 dana
1088 5336 1163 5402 Quod
1180 5350 1235 5391 nan
1248 5334 1327 5390 aliud
1344 5349 1399 5390 esse
1411 5335 1519 5389 uidetur
1544 5350 1633 5404 quam
1663 5344 1798 5392 monaste-

116 5421 150 5477 15
171 5429 196 5479 et
211 5425 392 5494 sequentibus.
411 5427 553 5481 Tartarius
572 5428 602 5481 in
617 5441 678 5496 rep.
694 5427 729 5482 39
747 5432 772 5483 et
785 5429 858 5485 aliis.
876 5429 926 5484 Pa·
978 5432 1051 5486 rium
1066 5429 1263 5486 Sanctarum
1277 5431 1411 5485 intractu
1424 5430 1543 5498 Bricoio.
1560 5430 1595 5485 ln
1610 5430 1708 5488 mean
1722 5434 1801 5488 testa·

151 5599 187 5669 (l)
212 5598 267 5657 Nos
295 5605 407 5663 nonnisi
438 5605 545 5663 Rodulsr
582 5606 695 5662 Tortarii
726 5623 795 5679 opus
823 5610 931 5666 damus.
954 5609 1028 5668 hlios
1046 5610 1101 5680 jum
1113 5609 1262 5668 edidimus.
