3720 6014
121 203 194 261 rrsr
475 180 477 185 ’
741 196 769 250 s.
791 193 911 251 ononis
932 192 1051 249 canen.
1072 192 1172 249 nerse.
1471 158 1473 163 ’
1736 198 1807 255 rats

123 334 284 392 diffidamus
303 332 338 387 de
353 331 443 397 venia,
468 329 511 385 vel
530 327 689 384 dubitemus
713 326 747 381 dc
773 339 935 381 remunera·
944 329 969 397 Α
985 329 1029 379 tur
1048 332 1078 379 ut
1093 331 1167 381 reete
1182 326 1270 397 possit
1282 326 1335 384 ista
1350 327 1518 399 comparatio
1533 326 1614 396 fierit
1629 327 1768 398 uunquid
1780 329 1806 383 si

122 425 209 488 tione,
221 423 243 478 si
265 421 356 478 omnis
374 418 555 492 operationis,
572 416 700 482 actionis,
715 413 759 471 vel
773 413 933 470 meditatio·
985 431 1083 472 omncs
1092 417 1149 472 beo
1160 418 1269 489 placere
1278 419 1423 476 studentes
1437 419 1486 475 lilii
1499 420 1570 477 lucis
1587 419 1804 496 intelliguntur,

122 513 165 567 nis
180 511 382 583 inspectiones,
399 508 472 564 sicut
487 515 617 578 oportere
633 503 854 571 monstravimus,
876 518 932 559 non
982 520 1048 561 vera
1063 506 1166 577 poterit
1188 507 1235 562 illa
1249 509 1388 564 sententia
1405 509 1550 578 iudicari?
1570 510 1650 576 Quis,
1675 510 1803 582 inquam,

123 605 275 677 poterimus
291 602 463 673 adimplere:
482 599 672 656 tantummodo
688 606 820 671 quantum
839 596 932 652 salue
981 608 1082 649 avarus
1096 601 1124 649 et
1137 595 1331 666 temporalium
1345 597 1480 653 bonorum
1501 598 1724 670 providissimus
1736 615 1804 655 con·

122 697 208 751 rimus
222 696 376 766 inutraque
393 693 529 764 potentia,
546 707 600 748 non
616 691 776 747 studeamus
789 705 929 746 exercere.
983 682 1102 754 qnistlnt
1122 683 1162 738 tlt
1177 682 1229 739 snit
1244 693 1342 741 nnntnt
1355 686 1389 741 nd
1413 701 1444 742 nn
1461 687 1691 760 multiplicanda,
1708 697 1741 742 1¹²
1756 688 1805 744 Pn-

123 783 264 857 ltenignus
279 790 321 839 est
340 781 414 836 enirn
432 781 564 837 Dominus
583 786 677 836 noster
700 785 728 834 et
750 778 931 849 Redemptor,
982 781 1049 842 trus,
1070 775 1171 831 Paulus
1190 783 1217 831 et
1231 776 1377 834 innumera
1394 779 1480 834 millia
1494 787 1651 852 martyrum
1668 780 1714 836 vel
1731 796 1804 836 con·

123 879 170 951 qui
196 878 367 943 uenderet,
393 883 421 931 ct
441 875 484 932 cui
514 891 609 930 sumus
624 873 757 930 reddituri
785 873 930 939 rationem,
982 866 1117 923 sessorum
1143 869 1287 941 utriusque
1315 887 1406 940 sexus,
1441 882 1468 927 et
1494 873 1635 928 universae
1663 872 1802 935 nationis,

123 982 176 1022 nec
186 966 339 1039 quemlibet
353 971 485 1038 quantuni
497 964 568 1019 valet
584 962 730 1019 facientem
743 977 792 1034 pro
807 977 840 1018 ee
856 960 930 1033 qued
982 956 1153 1013 conditionis
1166 967 1194 1013 et
1208 959 1298 1015 aetatis
1312 959 1348 1015 ad
1374 958 1497 1016 caelestia
1513 961 1729 1032 promerenda?
1753 961 1802 1026 Qui

125 1076 180 1116 uon
201 1059 274 1114 valet
295 1057 501 1124 condemnabit,
525 1057 568 1111 vel
591 1055 699 1111 auferet
729 1053 932 1110 remuneratio·
982 1065 1065 1121 porro
1080 1049 1130 1105 srlii
1148 1052 1241 1108 seculi
1269 1053 1384 1109 insidias
1400 1053 1555 1111 invidorum
1572 1061 1600 1111 et
1620 1054 1800 1111 adversario·

124 1167 199 1206 nem.
217 1150 379 1205 Relaxemus
399 1165 476 1221 ergo,
497 1148 662 1213 charissimi,
679 1147 773 1203 debita
792 1145 874 1201 nobis
895 1145 930 1200 eb
982 1157 1042 1196 rum
1058 1141 1095 1197 ita
1111 1148 1192 1198 caute
1210 1142 1379 1210 vitaverunt,
1394 1153 1424 1200 ut
1436 1143 1481 1198 isti
1504 1143 1679 1200 tentationes
1702 1159 1802 1199 omnes

124 1260 186 1315 qum
203 1243 335 1314 puniendi
356 1259 461 1310 sumus,
484 1249 512 1297 et
531 1241 797 1315 quinquagintanos
815 1246 933 1295 etocto-
982 1231 1127 1302 spirituum
1147 1232 1332 1306 malignorum
1347 1232 1558 1289 frustraverunt.
1581 1232 1623 1288 llli
1639 1233 1728 1300 cauti,
1747 1233 1800 1288 sci·

123 1337 200 1411 ginta
223 1336 338 1393 oonrtno
368 1336 536 1402 reddituros,
564 1342 594 1389 ut
622 1333 783 1406 poterimus,
811 1329 932 1388 auctoni
977 1319 1048 1391 ,litet
1071 1321 1164 1376 seren
1186 1321 1268 1393 huius
1293 1330 1444 1378 sectatores
1468 1322 1591 1393 plurimi,
1616 1338 1696 1394 serpe
1725 1323 1800 1377 oona

125 1436 227 1482 nostrae
243 1435 271 1481 et
286 1425 385 1481 litteris
400 1425 513 1493 nostris,
542 1433 572 1481 ut
592 1424 748 1495 expositum
770 1430 822 1491 est,
837 1422 934 1478 inseri·
983 1411 1146 1483 temporalia
1160 1428 1222 1484 quae
1238 1412 1321 1488 longo
1346 1421 1469 1484 tempore
1485 1414 1544 1469 suis
1565 1413 1688 1470 cautelis
1702 1414 1802 1469 acutis

125 1516 237 1582 hamum
253 1525 391 1588 quatenus
412 1515 446 1571 ab
467 1516 527 1587 tpgt)
551 1521 581 1569 ut
600 1514 750 1584 prudentes
774 1512 859 1568 villica
875 1511 933 1566 tau.
984 1500 1062 1556 simis
1076 1508 1305 1576 aggregaverant,
1321 1509 1350 1558 ut
1364 1502 1518 1573 perieulum
1532 1504 1632 1559 mortis
1647 1502 1801 1558 imminens

127 1609 197 1673 dari,
214 1609 266 1664 hog
289 1616 331 1664 ρει
345 1608 486 1663 munerari
510 1608 659 1664 valeamus⁸
678 1605 741 1661 Cum
764 1606 836 1661 enim
852 1605 934 1660 mise.
949 1591 1129 1708 Bevlldl'enl,
1147 1591 1339 1657 [rddldeiussl3
1356 1591 1383 1645 hl
1398 1599 1489 1647 aulem
1500 1591 1568 1647 lituis
1579 1590 1632 1646 filu
1644 1607 1681 1646 sse
1696 1592 1736 1646 de
1751 1590 1801 1647 ho·

126 1699 332 1755 ricerdissimus
353 1699 487 1755 Dominus
515 1707 543 1754 et
564 1705 717 1770 preceptor
735 1696 903 1753 subdidisset
925 1714 932 1751 ε
985 1686 1029 1741 nis
1046 1687 1216 1758 perennibus
1242 1702 1304 1759 qnae
1321 1693 1465 1758 sperantes
1480 1688 1613 1757 patebant
1641 1686 1799 1759 quidquam

125 1791 161 1844 m
176 1789 300 1843 tacuere
311 1790 435 1843 erminus
450 1788 570 1843 vittarum
593 1789 843 1857 iniquitatisque
864 1801 935 1856 pre·
984 1775 1144 1846 perderent,
1160 1791 1190 1829 se
1205 1774 1282 1845 iosos
1293 1775 1382 1847 insius
1406 1775 1502 1830 mortis
1516 1774 1651 1846 periculis
1665 1775 1803 1831 subdide-

126 1884 219 1938 denter
233 1885 339 1951 coisset,
364 1898 488 1938 securam
508 1882 590 1938 nobis
605 1898 680 1954 spem
698 1881 763 1936 dare
789 1880 876 1937 veluit
899 1880 933 1935 de
983 1872 1055 1920 sunl·
1077 1865 1275 1921 Pffldffllllffles
1300 1865 1385 1939 igilur
1399 1865 1454 1920 1¹5⁵
1472 1864 1595 1927 fuerum-
1618 1865 1761 1938 qu⁰¹¹l³¹¹¹
1776 1878 1803 1921 ²¹

127 1972 360 2039 remuneratione,
376 1988 411 2027 ne
431 1971 622 2028 diffideremus
641 1973 676 2028 uc
695 1971 933 2038 terrasteiras
983 1959 1065 2016 rium
1082 1960 1332 2032 incorruptibilem,
1354 1970 1382 2016 er
1397 1977 1451 2017 non
1477 1960 1624 2017 detectura
1640 1952 1720 2018 sorta
1739 1977 1801 2033 oue

126 2066 284 2122 attremant
300 2066 382 2123 vinici
394 2068 545 2140 prudente,
559 2068 699 2143 egerimus
714 2083 763 2138 pm
779 2067 865 2122 nostri
881 2066 933 2122 vit.
982 2053 1150 2124 quaesierant
1175 2052 1319 2109 moriendo
1342 2060 1531 2109 servaverunt.
1560 2053 1601 2108 llli
1627 2069 1696 2110 vere
1721 2053 1804 2108 bonis

127 2155 225 2211 litatus
240 2156 336 2227 iniqua
351 2157 546 2213 transactione,
878 2198 886 2208 ,
983 2159 1033 2215 pro
1051 2159 1167 2215 querum
1189 2144 1418 2215 multiplicatione
1437 2145 1589 2216 prudentes
1611 2145 1804 2217 putabantur,

161 2249 204 2303 30.
227 2248 339 2304 villicus
357 2249 430 2305 enim
451 2249 503 2304 iste
523 2265 573 2320 pre
590 2249 774 2320 dissipatione
797 2248 933 2303 bonorum
984 2249 1033 2306 if⁰
1047 2234 1109 2290 l’llae
1123 2235 1314 2306 ῑθᾱθῐῃβῑῑθῦθ
1328 2235 1446 2304 traditis,
1460 2251 1512 2291 ¹¹2⁰
1527 2236 1618 2307 lP⁸³¹¹¹
1631 2236 1720 2292 Vitam
1738 2236 1806 2292 fell·

127 2340 232 2395 domini
247 2340 356 2397 villicus
371 2341 526 2413 iniquitatis
539 2341 712 2397 nominatur:
732 2340 792 2407 sed,
806 2339 873 2411 quia
884 2338 935 2392 de·
986 2346 1052 2385 nene
1068 2336 1226 2400 notuerunt·

128 2429 265 2485 biteribus
288 2430 413 2499 ejusdem
436 2430 542 2486 domini
572 2430 614 2486 sui
635 2430 672 2484 ad'
692 2445 769 2484 suurn
790 2427 935 2483 utilitatem

130 2518 224 2573 debita
251 2519 392 2587 relaxavit,
420 2519 455 2573 ab
479 2518 577 2576 eodem
605 2518 719 2574 domino
741 2517 775 2572 de
791 2515 936 2588 prudentia

128 2607 347 2663 commendetur.
372 2607 417 2662 Sic
436 2607 477 2662 sic
491 2623 542 2663 nos
562 2608 627 2663 licet
642 2607 670 2662 in
697 2604 864 2678 praecedenti
879 2603 934 2660 vita

127 2697 216 2770 iniqui
243 2696 386 2765 lnerimnn,
408 2699 431 2753 si
456 2700 491 2754 de
520 2699 638 2771 reliquo,
662 2699 735 2754 sicut
761 2698 933 2763 dictumest,

129 2792 280 2863 prudenter
294 2794 453 2863 vixerimus,
482 2795 592 2866 abipso
612 2795 659 2866 qui
680 2792 838 2865 parabolam
864 2791 936 2845 lianc

128 2883 272 2954 proposuit
286 2884 374 2939 laudis
389 2886 547 2940 mercedem
558 2884 740 2955 recipiemus:
761 2897 844 2954 quam
860 2894 934 2952 quo-

127 2975 200 3029 niam
218 2976 297 3031 nobis
316 2977 373 3032 vult
399 2978 562 3032 immensam
582 2977 719 3041 conlerre,
740 2990 822 3046 quam
848 2971 936 3028 vehe-

126 3072 234 3120 mentes
254 3066 443 3137 inprudentia
459 3067 510 3121 ista
523 3067 675 3122 debeamus
690 3066 819 3132 existere,
846 3063 936 3118 bonus

128 3156 326 3213 dociorveluit'
351 3173 402 3214 nes
429 3159 537 3214 docere.
561 3157 626 3215 Cum
653 3158 727 3213 enirn
754 3157 880 3212 dixisset:
902 3156 936 3209 st

130 3248 253 3304 laudavit
267 3249 390 3304 domitans
401 3250 521 3304 uillicum
535 3250 690 3320 iniquitatis
704 3250 771 3318 quia
789 3246 937 3317 prudenter

130 3342 236 3409 egisset,
256 3340 334 3412 quasi
354 3340 501 3396 subdendo
515 3357 628 3396 causam
640 3356 725 3413 qnare
740 3339 774 3394 de
791 3337 937 3409 prudentia

1022 2463 1066 2518 33.
1090 2462 1224 2520 Praeterea
1238 2463 1320 2519 etiarn
1333 2463 1356 2518 si
1376 2478 1439 2519 vera
1465 2463 1607 2519 sententia
1636 2470 1725 2525 esset,
1753 2478 1803 2518 nec

986 2552 1025 2607 ibi
1035 2567 1157 2625 congrue
1169 2559 1330 2625 poneretur,
1342 2565 1394 2608 nec
1404 2551 1509 2624 aliquid
1524 2552 1564 2606 ibi
1578 2551 1722 2607 doctrinae
1736 2567 1806 2623 pon-

984 2645 1035 2698 dus
1046 2643 1169 2700 haberet.
1186 2644 1280 2700 Restat
1289 2659 1355 2718 ergo
1367 2649 1408 2711 ut,
1421 2644 1493 2699 sicut
1514 2658 1696 2715 coeperamus
1713 2659 1803 2715 expo-

985 2752 1062 2805 nere,
1080 2737 1114 2793 ad
1129 2738 1183 2794 hee
1197 2738 1286 2810 posita
1301 2738 1418 2804 dicatur,
1434 2745 1464 2792 ut
1476 2744 1504 2792 et
1518 2752 1604 2793 causa
1618 2752 1710 2808 quare
1726 2735 1802 2792 illum

985 2828 1020 2884 de
1041 2829 1187 2900 prudentia
1202 2829 1355 2885 laudaverit
1373 2828 1504 2885 dominus
1518 2828 1698 2894 ostendatur,
1716 2837 1744 2883 et
1771 2845 1804 2882 er

986 2920 1046 2992 ipsa
1059 2921 1219 2978 ostensione
1229 2936 1309 2977 mens
1322 2920 1474 2993 peccatoris
1482 2920 1611 2977 conversi
1627 2920 1662 2974 ad
1680 2920 1808 2990 pruden-

986 3014 1063 3083 tiam,
1076 3030 1138 3086 quae
1152 3014 1259 3070 laudari
1272 3021 1410 3071 mereatur
1425 3030 1441 3070 a
1457 3013 1585 3080 Domino,
1601 3014 1803 3069 succendatur.

987 3103 1033 3158 ilst
1047 3119 1114 3177 ergo
1131 3101 1194 3158 talis
1208 3103 1357 3159 sententia.
1374 3103 1479 3159 idcirco
1493 3102 1620 3158 villicum
1637 3102 1721 3159 illum
1736 3101 1809 3175 qnod

986 3197 1138 3268 prudenter
1163 3198 1252 3273 egerit
1277 3197 1406 3254 dominus
1426 3197 1473 3252 ille
1502 3195 1643 3264 laudavitt
1666 3197 1804 3271 quoniam

986 3287 1089 3343 multos
1103 3286 1173 3341 lucis
1195 3285 1269 3342 lilios
1288 3302 1352 3342 cum
1366 3285 1460 3342 saecnli
1485 3284 1559 3340 filius
1577 3294 1667 3354 essct,
1696 3287 1728 3340 in
1748 3286 1805 3358 ipsa

130 3429 208 3486 inum
230 3431 393 3487 laudaverit:
417 3433 486 3500 Quia
511 3433 564 3502 mii
596 3433 689 3488 soecuh,
712 3431 794 3501 hujus
813 3429 937 3500 pmden·
991 3378 1137 3450 prudentia
1148 3378 1297 3449 superavit.
1314 3378 1391 3434 ilulti
1406 3378 1607 3450 namquelucis
1620 3377 1673 3433 lilii
1693 3386 1808 3450 possent

149 3530 154 3541 ,
262 3529 278 3541 Η
364 3531 414 3542 ..
564 3531 569 3542 ,
864 3523 913 3534 ,,
989 3470 1118 3536 inveniri,
1133 3471 1179 3541 qui
1193 3469 1352 3526 debitorum
1368 3469 1477 3526 illorum
1497 3470 1542 3524 vel
1558 3470 1683 3537 nollent,
1699 3471 1748 3525 vel
1764 3486 1809 3526 ne·

130 3532 211 3583 mres
224 3529 291 3598 filus
316 3531 382 3583 ΨΜ
402 3545 433 3583 ²¹²
447 3533 618 3597 9³⁷²⁹r⁰²²⁰⁷⁸⁹
636 3544 686 3584 ⁸¹¹⁰
710 3530 783 3593 sumt
809 3524 936 3623 sublemf}
988 3559 1091 3614 scirent
1106 3559 1177 3615 sicut
1190 3558 1237 3614 ille
1249 3559 1380 3615 misertus
1393 3566 1435 3626 est
1448 3558 1585 3615 misereri.
1604 3558 1668 3613 Filii
1687 3575 1811 3632 namque

131 3616 282 3716 ⁰⁵ff⁰¹¹d⁰¹¹ff
305 3626 400 3689 apem
425 3619 498 3690 ΨΜ
519 3634 570 3674 ¹¹⁰⁵
593 3617 647 3717 ,qni
667 3616 761 3672 ⁵³³⁰¹¹¹i
781 3615 864 3684 hujus
891 3613 938 3667 ⁶¹¹¹
989 3646 1082 3702 saeculi
1098 3647 1180 3716 hujus
1196 3647 1390 3717 prudentiores
1403 3645 1468 3702 liliis
1487 3646 1556 3703 lucis
1576 3647 1607 3702 in
1622 3649 1811 3722 generatione

133 3703 245 3773 ffflmus'
256 3721 279 3760 ⁸¹
294 3706 405 3762 laudem
420 3706 454 3762 ‘¹⁰
470 3707 618 3779 prndenna
632 3706 761 3763 ⁸⁹⁰lu¹¹¹¹¹⁸
775 3704 890 3769 habefe’
907 3700 939 3756 fi'
989 3754 1038 3794 sua
1055 3746 1128 3795 sunt.
1145 3739 1174 3794 ld
1188 3747 1229 3794 est
1243 3747 1309 3795 tunc
1323 3745 1428 3795 tantum
1449 3737 1498 3793 tritt
1519 3740 1617 3795 saeculi
1644 3740 1737 3810 liujus
1753 3741 1811 3795 lau-

133 3794 185 3850 lies
199 3795 268 3851 lucis
284 3795 312 3850 in
333 3796 482 3867 prudentia
497 3796 549 3852 ista
568 3796 682 3852 vincere
701 3795 837 3851 debemus
860 3791 940 3848 labo·
990 3830 1049 3885 dari
1068 3838 1221 3899 merentur,
1245 3847 1308 3888 cum
1335 3830 1399 3887 filiis
1414 3830 1483 3887 ,ucis
1508 3831 1716 3903 prudemiooes
1736 3832 1813 3887 im·

134 3903 203 3942 ‘affl'
991 3921 1118 3976 niuntur:
1134 3921 1208 3993 quod
1223 3921 1387 3977 naturaliter
1401 3920 1485 3976 ineis
1499 3919 1603 3983 evenit,
1621 3921 1812 3993 quotiescun-

168 3976 213 4072 Ψ·
233 3976 293 4032 N⁰¹¹
317 3977 391 4032 enim
416 3977 462 4032 ma
488 3977 571 4076 ¹¹⁰¹?ss
590 3977 680 4076 ΡΜ
707 3976 856 4076 ⁸⁰¹¹oe¹¹²i,⁸’
886 3991 941 4078 Ψ
992 4027 1046 4082 que
1059 4019 1237 4083 generantur.
1251 4011 1332 4066 Lucis
1347 4010 1440 4082 itaque
1456 4008 1504 4064 lilii
1526 4008 1715 4084 intelligendi
1739 4020 1814 4078 sunt,

134 4062 246 4135 qmdam
261 4065 587 4137 e¹p⁰¹¹umpr⁰de⁰¹¹³m
604 4065 724 4122 mmmm
736 4067 831 4123 Μὴ
847 4067 940 4138 'uuus’
992 4104 1039 4175 qui
1056 4119 1106 4174 per
1121 4109 1203 4159 totam
1215 4103 1299 4158 vitam
1312 4118 1389 4157 suam
1407 4100 1525 4158 crimina
1540 4100 1718 4169 devitantes,
1734 4111 1765 4159 nt
1781 4103 1814 4158 ad

134 4153 162 4207 id
177 4160 219 4256 ⁰⁵⁴²
237 4169 319 4225 qum
338 4161 468 4210 exercent
486 4155 514 4209 in
531 4156 649 4229 ⁰³3⁰²ii⁸
663 4156 854 4226 ⁵ae⁰⁰l³fib¹¹⁸’
875 4173 942 4228 ω’
991 4201 1075 4250 vitam
1088 4201 1218 4250 aeternam
1232 4192 1405 4263 perveniant,
1421 4190 1487 4245 iidei
1507 4190 1693 4247 concorditer
1707 4192 1814 4249 vivunt.

135 4246 294 4319 dentiaqua
308 4245 358 4303 lilii
376 4249 445 4304 lucis
470 4249 670 4306 beatitudinem
692 4256 789 4322 petunt
810 4251 942 4319 majorem
992 4283 1052 4338 mii
1067 4298 1133 4338 vero
1155 4282 1250 4337 saecufi
1264 4281 1406 4347 dicuntur,
1431 4280 1478 4351 qui
1506 4279 1653 4335 mundana
1685 4281 1766 4338 luem
1789 4289 1816 4337 ει

134 4355 206 4400 ⁹⁵⁸⁰·
227 4339 361 4406 Qu⁰ni³ffl
386 4343 425 4399 ⁵³⁰
444 4344 660 4401 diclmsleffiffi
675 4346 713 4402 ‘ei
738 4363 799 4418 ‘1¹¹ae
823 4363 878 4403 ⁰⁰¹¹
898 4355 1108 4432 ⁰⁵¹Dcarnanr
1137 4373 1276 4430 desideria
1306 4389 1356 4445 per
1384 4373 1425 4428 l'as
1450 4381 1477 4427 et
1503 4370 1584 4428 ueias
1609 4371 1749 4430 obtinere
1774 4374 1813 4430 ni·

134 4431 167 4486 ad
182 4445 239 4486 rem
254 4447 316 4504 quae
336 4434 467 4505 estquod
488 4451 621 4491 essenon
638 4443 731 4506 potest
756 4437 940 4507 comparatio-

135 4538 197 4578 nem
211 4522 321 4592 iccisse,
334 4527 510 4597 nequeenim
522 4526 673 4584 liliisaeculi
688 4528 753 4584 dum
767 4528 879 4602 negotia
892 4545 943 4585 sae·

134 4616 238 4672 cularia
252 4629 405 4690 sequuntur
432 4620 584 4692 prudentes
606 4621 738 4689 existunt,
759 4636 830 4693 quos
848 4623 940 4695 potius
1029 4624 1073 4679 at.
1096 4623 1126 4678 lli
1143 4624 1208 4678 dum
1224 4630 1380 4695 sequuntur
1399 4639 1432 4679 ea
1446 4624 1474 4678 in
1492 4624 1680 4696 corruptione
1696 4635 1767 4681 sunt
1789 4634 1815 4680 et

133 4711 270 4768 vanitates
284 4730 352 4786 quas
370 4722 504 4787 appetunt
524 4722 551 4771 ct
572 4716 713 4773 damnatio
727 4733 788 4789 quae
801 4719 938 4791 sequitur,
990 4715 1108 4773 tendunt
1122 4714 1150 4768 in
1163 4728 1219 4768 nen
1233 4728 1309 4778 cssc;
1330 4729 1392 4769 cum
1407 4728 1473 4768 vero
1488 4713 1590 4785 quovis
1605 4713 1698 4771 modo
1711 4730 1766 4786 per
1776 4713 1817 4769 di·

134 4802 281 4859 manifeste
296 4806 394 4861 stultos
407 4807 568 4863 ostendunt.
586 4807 647 4863 Filii
666 4824 731 4864 vero
742 4809 812 4866 lucis
827 4826 940 4881 semper
989 4822 1080 4861 vinam
1100 4805 1215 4877 gratiam
1243 4819 1322 4858 suam
1355 4803 1564 4858 damnationem
1592 4813 1817 4878 cognoscuntur

135 4893 285 4965 prudentes
306 4901 381 4962 sunt,
396 4897 460 4967 quia
485 4895 567 4953 bonis
582 4897 711 4954 ardenter
726 4898 835 4955 inhiant
848 4907 876 4956 et
896 4900 940 4955 in·
988 4896 1134 4969 paeniteat,
1150 4895 1228 4968 quasi
1259 4903 1430 4968 generantur
1457 4903 1485 4950 ct
1501 4894 1664 4965 procedunt
1686 4897 1724 4952 ad
1741 4914 1816 4954 esse.

995 4478 1099 4528 tantur.

134 4985 236 5041 hiando
251 5002 374 5058 quaerere
385 4994 567 5055 noncessant‚
578 5005 639 5061 quae
654 5005 796 5062 nunquam
812 4990 939 5047 defutura
989 4991 1134 5046 Generatio
1153 5006 1273 5063 namque
1293 4997 1320 5044 et
1344 4989 1492 5060 corruptio
1515 4990 1655 5045 contrarii
1681 4999 1780 5049 motus
1793 5000 1819 5049 ct

134 5085 311 5153 cognoscant.
323 5079 493 5151 temporalia
506 5096 571 5137 vere
581 5097 643 5152 qum
657 5082 691 5137 ab
707 5082 749 5138 liis
757 5082 938 5140 intentionem
989 5090 1054 5138 sunt
1068 5092 1096 5137 ct
1116 5082 1263 5138 dicuntur:
1284 5083 1359 5138 unde
1384 5082 1577 5137 necessarium
1605 5089 1653 5138 est
1680 5090 1724 5145 ut.
1748 5087 1818 5142 sicut

134 5178 324 5228 revocantseu
339 5188 529 5244 possessaseu
549 5188 604 5230 non
624 5189 762 5246 possessa,
786 5175 857 5231 sicut
873 5176 938 5231 nul·
990 5170 1140 5227 carnalium
1169 5176 1309 5226 amatores
1338 5171 1402 5226 dnm
1433 5170 1475 5225 eis
1501 5169 1635 5225 insistunt
1661 5171 1692 5226 in
1714 5189 1815 5229 corru-

135 5264 188 5320 ttus
204 5270 298 5321 essent
316 5264 452 5333 utilitatis,
468 5265 503 5320 ab
522 5281 616 5323 amore
631 5267 732 5323 mentis
744 5267 887 5338 expellunt
991 5261 1144 5333 ptionesua
1154 5265 1231 5327 sunt,
1246 5266 1275 5314 et
1286 5259 1315 5314 in
1325 5259 1445 5314 miseriae
1457 5257 1598 5314 defectum
1612 5258 1817 5331 devolvuntur,

169 5356 214 5412 32.
231 5357 353 5421 Qualiter
366 5373 433 5432 ergo
446 5357 482 5414 de
501 5357 556 5413 iilis
569 5357 660 5415 stultis
674 5359 708 5414 sd
725 5360 776 5416 hos
788 5360 941 5432 prudentes
992 5351 1040 5418 tlt,
1056 5365 1118 5405 tum
1134 5349 1232 5404 endem
1248 5347 1373 5404 tantilli
1397 5346 1536 5418 incipiuni
1551 5346 1645 5415 ⁰t¹lt02
1675 5356 1706 5405 θῑ
1728 5351 1766 5407 nb
1781 5351 1820 5407 tit

135 5442 321 5514 inprudentia
334 5448 602 5517 potestcompsratio
615 5445 685 5514 fieri,
697 5448 751 5504 nisi
766 5448 941 5521 lorteqnem·
992 5440 1133 5502 recedent·
1151 5448 1179 5496 nl
1194 5440 1356 5512 ninnllnfld⁰
1375 5438 1410 5493 td
1426 5438 1582 5493 Cle³l0l0¹¹¹
1597 5439 1711 5509 sedites
1729 5442 1761 5497 iu
1774 5458 1822 5518 8²·

136 5527 214 5597 libet,
224 5532 299 5602 quod
310 5532 344 5588 de
356 5533 476 5591 ilaritate
486 5551 542 5592 non
556 5542 597 5591 est
610 5536 798 5606 sentiendum,
823 5539 944 5594 delectet
994 5537 1137 5594 nerationc
1148 5553 1197 5593 sua
1210 5537 1276 5605 sint,
1292 5542 1320 5592 et
1339 5536 1374 5590 ad
1390 5534 1575 5591 beatitudinis
1595 5547 1763 5611 augmenta
1776 5554 1820 5594 rc-

136 5633 186 5688 pro
200 5624 403 5682 consuetudine
430 5625 563 5684 locutioni
582 5628 718 5685 mentiri?
732 5630 786 5687 Sed
807 5630 943 5688 conceda-
993 5636 1136 5687 vocentur.
