3720 6014
86 232 139 290 bl'l
682 213 856 277 stutuebat
877 208 1137 267 Geuuttttusts
1709 198 1764 257 648

90 361 271 418 dicebaturet
285 355 312 410 in
332 352 467 409 cimiterio
481 351 542 422 ejus
558 347 659 405 mortui
673 346 895 420 sepeliebantur;
908 342 936 412 Α
948 356 1006 397 ram
1022 338 1115 395 divina
1130 335 1286 394 visitatione
1306 349 1356 406 per
1370 333 1481 388 beatum
1502 328 1666 386 Guibertum
1683 329 1766 402 vigo·

89 447 288 522 sedquiadies
310 443 493 500 dedicationis
515 439 705 516 ignorabatur,
730 440 829 494 iterum
846 437 897 493 de·
947 444 1016 504 rata,
1053 434 1207 490 admirante
1239 438 1266 487 et
1297 429 1488 486 conclamante
1519 423 1765 481 circumstantium

89 539 205 598 dicanda
232 552 294 593 csse
318 534 505 605 judicabatur.
535 532 621 602 lluJus
649 530 690 587 rei
718 527 897 587 contentione
949 524 1039 592 turba,
1055 538 1139 595 super
1165 521 1251 594 pedes
1266 535 1333 576 suos
1350 516 1561 584 constitutam,
1579 521 1606 570 et
1621 528 1715 586 usque
1731 514 1766 570 ad

88 629 312 698 multotemporc
339 623 507 697 perdurante
538 623 656 678 domnus
687 618 773 675 abbas
800 617 897 673 dusel·
947 615 1031 671 altare
1046 612 1120 669 beati
1143 610 1265 666 Guiberti
1290 608 1559 681 processitoratura.
1583 605 1677 661 Abbas
1699 621 1767 662 evo-

88 737 150 777 mus
161 726 272 792 aecepta
284 716 471 790 oportunitate
483 713 607 771 dedicari
614 713 680 769 feeit
689 729 750 768 eam
763 729 780 767 a
794 710 897 768 domno
948 713 1034 770 catus,
1047 700 1158 757 advenit
1172 715 1233 754 oum
1249 697 1391 766 fratribus,
1405 705 1432 751 et
1458 711 1508 767 pro
1530 711 1560 750 re
1576 710 1638 766 quae
1651 693 1768 750 accide-

88 814 243 872 Alenandro
259 810 468 868 leodicensium
489 807 612 865 antistite
631 805 762 862 Kalendis
776 805 899 876 Septem·
947 803 989 851 tat
1008 793 1117 850 decenti
1141 806 1268 847 sermone
1293 789 1386 845 habito
1413 788 1447 843 ad
1477 786 1610 859 populum
1633 787 1684 860 qui
1705 786 1763 844 cir·

89 904 156 967 bris,
173 902 221 975 qui
235 902 295 957 dies
309 908 351 956 est
367 898 562 954 sollemnitatis
579 895 667 952 sancti
681 892 896 968 Egidiiabbatis.
948 886 1113 952 cumstabat,
1130 885 1215 940 Deum
1235 882 1318 939 etiam
1334 881 1393 954 ipse
1415 878 1597 956 glorificabat,
1624 880 1672 952 qni
1700 895 1768 935 sau-

91 997 233 1052 ilonsensu
265 998 362 1067 rogatu
404 990 529 1061 ejusdem
563 987 687 1060 praesulis
715 985 767 1042 sub
800 985 899 1041 iisdem
952 975 1138 1034 etossuosita
1158 971 1303 1048 glorificat.

90 1089 189 1147 diebus
203 1095 246 1144 est
269 1090 430 1142 consecrata
455 1083 580 1141 ecclesia
599 1087 694 1138 nostra
713 1078 742 1134 iu
760 1077 825 1133 villa
840 1091 901 1150 quae
952 1111 1196 1183 opiesancwmm
1210 1108 1271 1163 laus
1285 1106 1374 1181 gloria
1388 1105 1494 1162 christe
1511 1111 1631 1173 morum,

89 1182 192 1238 dicitur
217 1179 319 1246 Castra,
336 1195 352 1233 a
366 1177 469 1234 domno
485 1173 642 1241 Gadeirido,
657 1169 783 1244 quamvis
799 1168 902 1243 Auglo·
952 1199 1045 1275 Signis
1059 1198 1206 1256 guibertus
1222 1197 1296 1270 quod
1309 1196 1403 1260 claret,
1415 1196 1473 1271 agit
1482 1203 1528 1251 tua
1538 1195 1635 1263 virtus,

91 1290 151 1330 rum
167 1273 309 1345 episcopo,
323 1277 415 1326 tamen
425 1266 606 1339 compatriota
619 1273 724 1332 nostro,
739 1263 754 1319 3
769 1263 833 1319 ldus
845 1263 900 1319 No·
952 1289 1040 1361 Digne
1054 1287 1177 1343 laudaris
1192 1302 1241 1358 per
1256 1301 1329 1348 eum,
1346 1284 1392 1356 qui
1407 1285 1447 1340 sic
1461 1284 1600 1355 ommim

90 1363 222 1430 vembris,
249 1362 296 1435 qui
323 1361 383 1417 dies
408 1366 449 1416 est
478 1357 659 1430 depositionis
682 1354 769 1411 sancti
793 1353 900 1410 blartini
952 1379 1038 1455 Digne
1057 1379 1196 1445 laudatur,
1212 1379 1258 1449 qui
1272 1385 1363 1433 tecum
1378 1375 1420 1433 sic
1433 1383 1577 1448 operum·

90 1452 270 1510 ⁰⁰⁰s⁹⁵⁸⁰si³'
300 1449 380 1505 pacm
404 1457 446 1504 ⁰⁸⁸
471 1454 563 1507 amem
584 1447 680 1501 harum
710 1443 900 1500 ae⁰⁰¹⁰⁸ias¹¹m
951 1472 1156 1541 Laustua,laus
1167 1471 1379 1541 ejus3uoslaus
1391 1476 1437 1524 tua
1449 1469 1536 1525 salvet
1550 1468 1656 1538 atejus.
1668 1468 1768 1522 Amen.

91 1546 261 1604 consecratio
280 1541 473 1599 annobomini
490 1541 571 1599 11330
585 1539 630 1607 Μ,
642 1537 742 1594 multas
759 1537 900 1611 impensas

92 1639 266 1712 expendente
280 1637 382 1693 domno
399 1633 498 1690 abbate
508 1633 648 1690 anselmo.
913 1631 939 1700 B
985 1634 1029 1691 8i.
1046 1634 1142 1690 Sermo
1154 1631 1249 1688 domni
1261 1630 1370 1686 abbatis
1384 1628 1506 1685 buselmi
1526 1627 1560 1683 ad
1569 1639 1767 1699 quoscumque

127 1735 172 1794 83.
190 1733 276 1803 liujus
291 1731 399 1787 abbatis
421 1730 521 1786 diebus
547 1728 626 1785 malti
643 1744 693 1800 per
710 1726 820 1782 beatum
837 1723 901 1780 Gui·
953 1726 1049 1784 luisset
1064 1726 1186 1791 babitus,
1205 1724 1292 1780 multo
1313 1721 1456 1795 sapientiae
1472 1720 1529 1776 sale
1545 1726 1603 1777 erat
1619 1719 1763 1789 conditus,

91 1826 206 1882 bertum
228 1841 243 1878 a
264 1822 381 1878 divertis
399 1818 569 1875 sanabantur
584 1814 801 1891 egrlludinllffl,
821 1813 902 1870 multi
952 1834 1009 1876 nou
1028 1818 1222 1890 undecumque
1242 1815 1358 1872 collecta
1372 1813 1539 1870 verbositate
1552 1812 1766 1882 immoderatus,

91 1913 269 1971 solvebantur
292 1927 306 1966 a
330 1909 437 1966 eatenis
462 1916 491 1963 et
528 1905 720 1977 compedibus·
748 1904 802 1960 Nos
837 1903 903 1976 quio
952 1917 994 1967 set
1009 1926 1060 1982 pro
1074 1909 1245 1965 audientium
1275 1906 1427 1979 capacitate
1446 1913 1474 1961 et
1498 1903 1632 1975 temporis
1651 1909 1769 1976 oportu-

92 2008 216 2065 brevitati
232 2006 386 2068 studemus,
409 2009 435 2059 et
449 2002 534 2057 multa
548 2001 682 2056 virtutum
702 2000 763 2069 eius
782 1999 901 2074 insignia
952 2003 1039 2058 nitate
1058 2001 1226 2058 moderatus.
1247 1999 1273 2055 st
1295 1999 1379 2056 fiebat
1395 1998 1429 2053 ad
1450 1997 1594 2070 populum,
1624 1997 1727 2053 leniter
1739 2002 1770 2054 ot

80 2098 149 2154 ‘suis
164 2098 191 2152 in
208 2096 277 2152 locis
298 2093 454 2163 conscripta
469 2091 604 2145 babemus
629 2105 664 2144 ne
692 2089 837 2160 culpemur
863 2088 903 2143 si·
954 2111 1005 2166 pqr
1023 2110 1056 2150 aa
1071 2109 1133 2166 (με
1152 2109 1251 2166 capere
1274 2087 1769 2164 poterantpraehebatetsquasj12.

91 2186 224 2244 luisseds
248 2183 387 2250 omnibus,
419 2197 504 2237 unum
521 2180 556 2235 de
577 2178 670 2233 multis
688 2177 900 2234 conscribimus.
954 2186 1005 2241 ctis
1029 2185 1158 2256 poculum
1176 2184 1321 2239 insinuans
1354 2182 1404 2248 eis,
1433 2180 1573 2253 quomodo
1602 2179 1768 2248 vivendum,

90 2275 188 2333 llulier
201 2274 326 2346 quaedam
342 2270 524 2346 llaginoensis
544 2269 724 2325 diuturnitate
736 2267 903 2343 egritudinis
954 2273 1022 2346 quid
1042 2273 1198 2339 nitendum,
1214 2271 1281 2345 quid
1297 2277 1371 2327 esset
1385 2271 1584 2343 appetendum.
1612 2268 1641 2324 Si
1656 2283 1768 2325 sermo·

87 2363 144 2436 jam
159 2369 327 2435 praemortua
346 2376 379 2416 ex
392 2359 484 2415 medio
513 2369 592 2430 parte
612 2358 654 2416 sti
683 2357 818 2429 corporis,
834 2357 902 2413 coli·
953 2366 1099 2422 uicabatur
1114 2363 1253 2431 iratribus,
1269 2351 1312 2419 vel
1328 2362 1468 2434 aliquibus
1483 2361 1573 2417 nodos
1587 2360 1769 2433 questionum

91 2450 342 2515 demoliebatur,
370 2456 398 2503 el
425 2463 480 2504 ¹1⁰n
513 2446 692 2503 moriebatur.
725 2445 901 2511 M0li⁰b⁸lub
954 2453 1117 2510 enodandos
1138 2453 1228 2523 eipro
1251 2451 1431 2523 ponentibus,
1451 2457 1480 2505 ut
1499 2450 1591 2505 scriba
1610 2450 1710 2506 doetus
1734 2449 1771 2505 de

91 2541 200 2613 quiebi
215 2538 268 2594 Sibi
288 2538 443 2602 videbatur,
461 2537 603 2611 8ΓὸγίοΓθὸ
618 2542 705 2591 m0rte
727 2534 837 2590 d0¹0l9³
853 2551 903 2605 pa·
954 2545 1083 2601 thesauro
1108 2542 1200 2599 cordis
1228 2542 1271 2597 sui
1297 2540 1459 2613 proferebat
1483 2557 1552 2596 nova
1573 2548 1601 2596 et
1622 2549 1728 2608 vetera,
1743 2545 1772 2594 et

91 2630 223 2687 liebtlur·
237 2625 487 2692 N0111¹¹0sieb³lt¹lt
502 2625 567 2696 (luta
578 2625 688 2680 d⁰¹0l⁰⁸
703 2624 756 2696 illi
773 2639 903 2695 suprema
953 2632 1080 2705 quamvis
1094 2630 1268 2704 multiplicia,
1283 2637 1375 2685 tamen
1396 2629 1607 2703 interrogationi
1628 2645 1725 2685 eorum
1742 2634 1772 2683 et

89 2727 246 2777 morlenon
266 2717 442 2772 finiebantur·
470 2716 566 2786 lnopia
589 2722 616 2771 el
639 2714 831 2787 inquietudine
859 2715 903 2768 in·
953 2739 1010 2780 suae
1022 2723 1199 2794 responsioni
1223 2721 1418 2778 convenientia
1432 2720 1767 2778 adltibebattestimonia.

92 2808 231 2865 firmitatis
249 2807 304 2878 jam
318 2806 395 2862 oneri
409 2813 436 2861 et
459 2805 533 2860 tedio
547 2813 605 2860 erat
625 2805 724 2860 vicinas
744 2804 803 2859 suis
817 2810 844 2858 et
856 2818 903 2859 co·
954 2812 1117 2868 Gaudebant
1143 2827 1208 2885 orgo
1235 2811 1285 2877 illi,
1314 2817 1379 2866 nota
1403 2810 1457 2866 sibi
1478 2827 1527 2882 per
1555 2827 1618 2866 eum
1647 2809 1771 2865 certiora

92 2899 191 2975 gnatis.
209 2897 290 2953 Petiit
301 2896 393 2967 itaque
413 2894 447 2949 ab
463 2895 504 2949 eis
517 2895 569 2949 hoe
582 2894 661 2967 quasi
681 2900 834 2949 extremum
854 2893 903 2948 be·
954 2900 1024 2969 lieri,
1041 2908 1069 2956 et
1083 2900 1177 2973 ignota
1190 2897 1338 2954 notificari.
1360 2901 1423 2969 lpse
1436 2899 1548 2954 tandem
1562 2896 1768 2954 consociasse-

92 2986 233 3057 ssefifl'fflffls
259 2983 435 3039 U¹V0h10u10
457 2982 612 3038 deferrem?
645 2982 679 3036 ld
705 2981 902 3037 Gemblflcessw
915 2992 940 3062 C
953 3000 1065 3048 nectute
1091 2998 1118 3046 et
1133 2992 1257 3063 eorporis
1272 2990 1474 3056 imbecillitate,
1493 2997 1574 3047 nocte
1601 2996 1629 3045 et
1643 2988 1689 3045 die
1703 3004 1771 3045 ora-

92 3076 262 3143 coeuobium‚
277 3075 380 3131 utdum
394 3074 451 3129 illic
461 3073 581 3129 aleretur
594 3072 754 3129 elemosinis
766 3072 900 3140 bdelium,
952 3085 1021 3142 pioni
1040 3082 1155 3139 vacabat
1181 3089 1209 3138 et
1231 3081 1402 3154 psalmodias,
1428 3081 1564 3137 vicesimo
1588 3081 1668 3136 tertio
1694 3097 1770 3137 anno

93 3185 190 3225 eorum
213 3167 387 3224 alleviaretur
410 3165 566 3222 sollicitudo
588 3175 616 3223 et
639 3166 755 3221 tedium.
779 3164 901 3221 Tandem
951 3189 1008 3230 511ae
1021 3171 1199 3244 prelationis,
1218 3170 1343 3226 sentiens
1358 3170 1536 3226 acerbitatem
1561 3170 1665 3225 utqimae
1699 3170 1773 3246 egri.

94 3261 168 3335 quod
183 3260 263 3332 potiit
276 3258 441 3330 impetravit,
459 3258 636 3314 etGemblaci
650 3259 678 3312 in
694 3257 825 3330 hospitali
836 3273 902 3331 pau·
952 3261 1057 3317 tudinis
1080 3261 1109 3316 in
1126 3275 1157 3316 se
1184 3260 1316 3334 grassari,
1343 3268 1509 3316 conventum
1539 3258 1652 3314 fratrum
1679 3258 1766 3327 jussit

94 3365 190 3422 perum
210 3348 371 3421 aliquandiu
387 3348 497 3402 mansit.
514 3347 582 3403 Nota
593 3356 652 3402 erat
666 3346 819 3402 nousolum
835 3346 899 3418 opi·
953 3351 1083 3407 accersiri
1088 3369 1098 3419 ;
1116 3360 1142 3405 et
1157 3349 1290 3405 decenter
1304 3364 1353 3404 eos
1363 3364 1537 3416 ammonens,
1552 3355 1582 3403 ut
1594 3349 1628 3403 ad
1643 3348 1693 3404 Dei
1711 3348 1769 3403 ob-

94 3444 195 3510 danis‚
219 3451 260 3499 set
285 3450 312 3498 et
344 3442 458 3514 opidum
484 3440 704 3514 frequentatibus
739 3440 902 3508 extraneis,
953 3442 1080 3515 sequium
1098 3440 1181 3496 lixum
1203 3440 1339 3496 baberent
1352 3439 1452 3495 mentis
1468 3440 1651 3512 propositum,
1664 3455 1769 3496 conso·

93 3537 158 3610 quia
179 3542 282 3608 quanto
307 3536 394 3605 maior
409 3541 436 3590 et
452 3533 597 3590 infirmitas
617 3533 714 3596 inerat,
740 3539 815 3589 tanto
836 3532 903 3588 visi·
954 3538 1062 3594 labatur
1084 3551 1232 3608 supersuo
1247 3535 1370 3592 discessu
1383 3535 1531 3592 mestitiam
1549 3551 1657 3602 eorum,
1680 3550 1768 3591 orans

94 3628 210 3685 tantium
225 3627 313 3698 major
325 3627 459 3683 sedulitas
479 3627 504 3682 ei
520 3628 625 3683 aderat.
648 3626 741 3698 Neque
756 3626 830 3681 euim
851 3639 903 3697 po·
954 3646 969 3684 a
995 3629 1051 3698 Deo
1073 3629 1113 3684 eis
1143 3626 1202 3682 dari
1233 3626 1435 3684 consolatorem
1458 3634 1582 3683 sanctum
1620 3627 1767 3699 Spiritum.

94 3724 165 3773 terat
182 3731 297 3791 surgere
312 3715 394 3779 lecto,
408 3717 451 3770 vel
466 3714 571 3771 moveri
585 3715 656 3781 loco,
669 3714 722 3770 nisi
739 3713 830 3770 alieno
843 3729 902 3769 sus·
954 3724 1077 3780 Fratrum
1096 3738 1161 3779 vem
1177 3722 1320 3797 diligentia
1337 3721 1464 3779 sollerter
1487 3723 1512 3778 pp
1533 3721 1668 3788 adhibuit,
1685 3721 1770 3793 quic.

94 3817 247 3866 leutarelur
270 3809 459 3864 amminiculo·
485 3809 608 3864 Tandem
629 3807 801 3864 revolutione
819 3808 904 3863 tonui
954 3816 1022 3887 quid
1037 3814 1231 3872 aecclesiastica
1246 3813 1414 3890 religiositas
1431 3815 1476 3869 tali
1492 3829 1617 3886 porsonae
1633 3813 1661 3868 iu
1688 3813 1769 3870 obitu

95 3898 227 3969 temporis
246 3897 342 3952 aderat
354 3896 663 3953 celebrisanniversaria
676 3896 736 3952 dics
751 3897 905 3968 depositio·
954 3910 997 3966 pet
1013 3914 1076 3980 post
1085 3905 1192 3965 obitum
1206 3906 1332 3963 adhiberi
1346 3907 1462 3963 censuit,
1474 3908 1535 3978 [psa
1547 3907 1666 3962 domnus
1682 3906 1772 3962 abitas

96 3987 140 4042 nra
154 3985 372 4053 teutrannus,
388 3993 416 4041 et
431 3987 515 4042 nuta
538 3985 618 4043 turba
633 3986 734 4043 civium
761 3996 788 4043 et
812 3995 894 4044 extra·
952 3997 1099 4057 tnsetnns
1119 3997 1135 4053 s
1157 3996 1294 4052 Kalendas
1314 3995 1401 4050 aaran
1417 3995 1475 4050 vita
1504 3994 1633 4062 decessu,
1659 4002 1688 4050 et
1703 4000 1772 4051 ante

97 4094 212 4136 neorum
233 4079 364 4134 intererat
387 4079 486 4135 votivae
512 4079 573 4150 ejus
595 4077 785 4137 sollemnitati.
807 4080 904 4136 ldulier
953 4093 1054 4143 sancte
1071 4086 1164 4142 Crucis
1176 4084 1261 4141 altare
1280 4084 1430 4155 sepulturae
1446 4085 1536 4140 locum
1552 4084 1667 4156 accepit.
1695 4085 1773 4141 Lati-

95 4175 253 4249 supredicta
263 4174 471 4249 quiainteresse
487 4189 542 4232 non
557 4181 674 4247 poterat,
690 4174 903 4245 lamentabatur,
954 4179 1099 4236 uiaceuses
1114 4183 1141 4234 et
1155 4176 1380 4234 altovillarenses
1403 4175 1578 4232 conterentes
1593 4175 1627 4230 ad
1647 4175 1771 4233 invicem
1795 4218 1798 4223 -

96 4274 124 4326 et
148 4275 179 4325 ut
198 4268 264 4326 illuc
285 4268 440 4325 deferretur
465 4269 569 4325 obnixe
585 4267 761 4340 precabatur.
782 4268 904 4326 Tandem
955 4267 1106 4342 benignum
1120 4251 1292 4342 quem'erga
1311 4281 1360 4323 cos
1373 4264 1509 4322 habuerat
1530 4265 1627 4321 vivens
1642 4265 1770 4320 animum

96 4361 197 4432 delam,
212 4361 307 4419 orabat
321 4379 383 4419 cum
393 4361 547 4419 lacrimosis
558 4361 720 4439 gemitibus,
735 4367 765 4418 ut
777 4378 826 4434 per
839 4379 905 4420 orae
956 4357 1146 4431 etproiieuum
1163 4358 1218 4414 sibi
1239 4357 1383 4430 sapientire
1407 4358 1467 4427 ejus
1493 4357 1628 4424 studium,
1649 4357 1771 4414 moleste

95 4449 200 4507 tionem
215 4449 289 4507 beati
309 4450 432 4508 Guiberti
452 4467 468 4507 a
483 4460 537 4508 tam
552 4450 628 4526 gravi
639 4457 668 4506 ct
683 4449 814 4507 diuturna
829 4450 907 4510 inbr—
957 4452 1084 4510 terebant
1096 4451 1158 4522 ejus
1172 4451 1289 4518 obitum,
1310 4457 1338 4506 et
1350 4450 1403 4522 piae
1421 4449 1621 4506 reeordationis
1639 4456 1666 4505 et
1681 4449 1772 4506 devo-

95 4537 191 4595 mitate
203 4538 324 4610 eriperet
340 4555 400 4594 eam
417 4539 500 4594 bens.
525 4537 658 4595 Exaudite
671 4544 714 4594 est
741 4545 907 4598 autemnon
957 4551 992 4602 tae
1005 4543 1140 4602 orationis
1164 4543 1190 4600 ei
1215 4541 1365 4599 exibebant
1383 4539 1519 4597 officium.
1536 4541 1669 4596 Miserunt
1684 4542 1772 4597 etiam

95 4635 125 4684 ut
147 4628 204 4687 vita
231 4630 389 4699 decederet,
413 4637 456 4688 set
474 4637 504 4688 ut
526 4631 656 4688 virtutum
683 4630 755 4688 beati
782 4631 906 4689 Guiberti
959 4632 1042 4690 nobis
1063 4639 1183 4704 experte
1216 4630 1269 4686 sibi
1301 4629 1447 4701 probitatis
1474 4629 1536 4699 cJ'us
1560 4629 1773 4687 testimonium:

94 4717 210 4775 evidens
224 4719 412 4778 testimouium
427 4721 540 4779 viveret.
557 4721 621 4778 Post
637 4737 721 4779 uuam
739 4723 844 4797 quippe
855 4723 906 4780 bo·
956 4723 1029 4781 istud
1037 4724 1113 4797 quod
1129 4721 1345 4795 subscripsimus
1355 4721 1539 4793 epitaphium.

384 4844 585 4903 uetrtouttttt
605 4845 708 4903 boum
727 4846 872 4904 ausetttt
891 4847 1028 4905 astaus
1047 4847 1067 4902 Α
1087 4844 1228 4903 rnautts
1247 4843 1471 4902 couoostttttt.

96 4943 144 5004 ilic
155 4945 283 5002 anselme
299 4946 378 5016 situs,
393 4957 515 5019 spectate
530 4948 634 5013 colom.
644 4954 728 5018 statu,
739 4965 778 5006 re.
955 4950 1037 5007 Fama
1059 4949 1200 5022 frequens,
1215 4964 1334 5021 persona
1355 4954 1463 5020 patens,
1479 4945 1540 5002 siue
1560 4960 1704 5003 murmure
1725 4953 1772 5003 te-

130 5017 197 5074 llam
218 5017 316 5075 lenitis
328 5018 402 5092 (899)
413 5020 490 5094 agis;
510 5020 578 5076 vivit
592 5020 666 5076 enim
684 5029 729 5078 tua
743 5036 817 5093 spes.
1635 5018 1733 5092 [ctum,

94 5088 132 5145 Tc
141 5090 374 5155 colorillustrem‚
386 5098 472 5146 status
488 5091 642 5165 egregium,
659 5091 797 5164 placidum
808 5109 852 5149 res
991 5091 1062 5149 Urbe
1080 5092 1164 5149 domo
1175 5091 1272 5148 laudes
1284 5091 1441 5162 explicuere
1458 5100 1518 5145 tuas

130 5160 275 5232 Fecerunt,
286 5162 353 5219 clari
368 5177 430 5237 ques
442 5163 565 5219 triasuut
576 5163 706 5228 bominis,
936 5162 993 5220 ·Te
1008 5164 1076 5233 Noe,
1090 5164 1143 5220 lob
1160 5165 1256 5220 Daniel
1269 5163 1417 5221 virtutibus
1432 5161 1624 5230 excoluerunt,

773 5294 883 5351 letlAE
898 5292 1088 5352 tsettoottS.

129 5387 164 5424 Π*
177 5391 324 5451 millesimo
340 5393 493 5451 centesimo
504 5395 599 5452 addito
612 5395 666 5452 alto
682 5399 797 5466 tempore
810 5398 842 5453 tn
855 5395 910 5452 beo
928 5409 1010 5452 uacuo
1022 5397 1114 5453 relicto
1130 5411 1228 5460 xxxrrr,

881 5519 987 5579 NOTAE.

108 5634 112 5638 -
133 5581 207 5655 (899)
222 5586 243 5640 l.
260 5603 285 5651 θ,
297 5592 446 5661 phoenicis.
