3720 6014
142 235 194 291 {tm
751 220 923 277 smutturam
943 216 1199 276 ouaehncuhsts
1755 222 1809 278 608

143 369 230 435 ipsam
244 363 321 429 irtsrn
341 362 366 414 et
387 361 467 412 entra
487 357 663 427 pertinentia.
680 355 835 409 lrnmntott'o
855 355 948 423 itaque
961 352 986 423 Α
1000 349 1105 406 ιιιιΙΙιιιιι
1133 349 1256 417 referret,
1280 367 1343 407 curn
1366 357 1458 407 tamen
1486 353 1607 425 agricola
1637 354 1742 410 laboris
1764 346 1808 412 sui

141 450 322 523 praestationis
337 447 418 516 tejas
439 460 467 500 eo
480 448 593 515 peracta
606 447 644 498 est
662 448 761 509 tenore,
780 440 949 513 atpanndia
999 438 1116 496 fructum
1128 455 1183 495 nou
1202 440 1341 512 perderet.

142 539 279 593 invinerit
301 536 438 607 prefatas
460 533 637 589 dederannns
658 532 784 597 ittnstrt's,
800 546 860 602 qnia
877 544 950 601 prte-
1035 529 1079 584 lb.
1107 527 1173 584 Cum
1197 545 1273 605 ergo,
1296 539 1326 585 ut
1345 530 1447 587 dictum
1471 538 1522 596 est,
1544 539 1619 587 tanta
1644 532 1809 590 efferaretur

143 629 215 683 stitit
230 629 254 681 et
280 641 341 696 qaoe
355 626 456 696 recepit
474 629 562 679 teneat
590 627 616 677 rt
641 621 778 693 possideat
802 620 854 675 sab
868 619 950 675 tertio
1000 619 1119 691 insania,
1140 629 1235 678 sancto
1255 629 1346 678 tamen
1367 623 1426 679 viro
1452 639 1481 679 se
1504 625 1695 693 submittebat,
1724 634 1753 683 et
1779 635 1810 684 ut

142 734 235 784 nnana,
254 717 547 773 neeris'snoeetdeticet
562 715 721 779 Adetcrtdt's,
748 719 772 769 ct
783 714 836 784 titii
851 712 949 769 sotem·
1000 715 1104 770 cultum
1119 721 1222 770 sannae
1236 714 1378 788 religionis
1393 728 1534 773 exerceret
1550 717 1577 772 in
1594 719 1669 774 omui
1684 719 1747 776 loco
1763 719 1809 775 di-

142 809 218 863 rnode
232 810 314 862 antes
332 807 510 873 Ermcnt'rtdt.
528 806 592 861 Post
609 821 726 876 qnorum
745 806 830 859 trtnrn
844 803 948 870 desim·
1002 803 1085 861 tionis
1100 820 1158 859 suae
1180 804 1205 860 ei
1221 804 1394 876 permiserit.
1415 805 1492 861 Unde
1516 808 1653 863 commisit
1668 808 1695 864 ei
1710 825 1809 865 mona-

143 902 242 955 cttenes
261 900 339 954 diem.
358 900 551 968 toccsoperins
575 900 719 952 memorate
740 898 860 964 atraque
876 893 951 947 deve
1000 899 1113 954 sterium
1128 897 1215 955 sancti
1229 898 1365 954 vincentii
1380 899 1407 954 in
1423 900 1483 956 loco
1503 901 1637 974 sonegias
1656 904 1731 959 dicto
1760 903 1808 964 ubi

144 992 221 1045 retina
233 996 337 1061 portes,
352 995 377 1045 et
399 991 462 1060 jare
476 992 604 1060 praetereas
629 991 725 1043 torcat.
740 989 950 1056 deportavere
1000 990 1135 1048 clericalis
1148 991 1255 1047 ordinis
1269 991 1364 1068 regula
1379 992 1471 1065 vigere
1491 993 1619 1056 debehat,
1642 1002 1672 1050 ut
1690 985 1728 1050 ihi
1745 1012 1806 1054 ιιιο-

144 1083 323 1154 pitorrtrntihrt
336 1083 431 1137 hornen
445 1097 476 1136 ne
492 1082 582 1152 atique
595 1081 673 1136 medo
683 1081 737 1134 nec
752 1081 914 1149 pereopotar
925 1081 950 1131 et
1000 1067 1123 1137 nachlcae
1142 1080 1204 1136 ultae
1219 1081 1344 1137 ordinem
1363 1082 1528 1138 instituerat.
1555 1082 1609 1139 Sed
1625 1084 1652 1139 id
1669 1085 1808 1157 importu-

146 1173 484 1242 infrnnpctnrproestntie,
504 1172 654 1226 testimonio
680 1170 837 1225 roboratam
852 1170 891 1222 est
905 1167 949 1221 bo·
1001 1173 1085 1228 nitate
1106 1172 1146 1228 rei
1160 1180 1187 1227 et
1207 1173 1339 1244 temperis
1362 1172 1494 1229 iniectum
1516 1177 1648 1231 remansit
1678 1177 1809 1249 Prepesi-

143 1265 378 1320 pommvtrornm.
1000 1270 1089 1316 turam
1104 1261 1185 1318 etiam
1203 1261 1347 1317 lobiensis
1367 1260 1485 1318 abbatiae
1502 1264 1561 1332 ejus
1589 1267 1728 1322 commisit
1748 1283 1809 1322 ma-

1001 1354 1095 1422 nibus,
1111 1361 1141 1409 ut
1155 1361 1259 1426 quanto
1289 1355 1342 1411 sibi
1366 1356 1517 1412 adherebat
1533 1357 1707 1424 familiarius,
1728 1351 1808 1420 tanto

1003 1443 1056 1499 sihi
1076 1445 1226 1500 deserviret
1241 1444 1359 1510 tidelius,
1388 1453 1416 1501 et
1438 1454 1542 1519 quanto
1563 1454 1621 1502 crat
1642 1442 1810 1522 religiosior,

1003 1540 1078 1589 tauto
1092 1534 1126 1588 ad
1154 1532 1251 1588 iratres
1266 1533 1327 1602 ejus
1353 1535 1405 1590 leci
1429 1537 1592 1613 regulariter
1609 1536 1811 1615 gubernandos

1003 1630 1076 1678 esset
1104 1623 1243 1679 intentior.
1275 1623 1351 1690 Quod
1372 1626 1437 1696 quia
1451 1625 1544 1681 invitis
1560 1626 1690 1682 tratribus
1705 1627 1810 1685 tactum

178 1398 276 1452 Aetam
291 1399 320 1452 tn
344 1396 485 1453 Geirrhlaus
498 1399 624 1462 carcobio,
653 1412 723 1452 enne
750 1396 951 1451 iamentationis

144 1489 250 1542 Dentirtt'
263 1487 316 1540 aar
340 1486 475 1542 indicione
503 1488 547 1555 tt,
563 1489 672 1558 imperii
689 1486 857 1541 verodomni
876 1485 952 1542 Otto·

139 1582 185 1635 nis
204 1596 275 1636 enne
287 1580 411 1638 secando.

180 1732 223 1788 13,
242 1732 295 1787 sed
309 1733 345 1786 ap
364 1730 536 1802 propositum
552 1732 645 1803 ⁰90¹ss
669 1729 826 1797 fetemus,
842 1737 870 1786 οι
883 1717 987 1802 ‘1¹¹³‘ss
1000 1721 1069 1781 erat,
1088 1712 1201 1768 fratrum
1212 1713 1386 1770 unanimitati
1406 1715 1473 1769 satis
1489 1715 1664 1787 displicebat,
1689 1717 1739 1789 qui
1763 1733 1813 1789 per

145 1822 188 1878 les
202 1830 231 1877 gt
248 1829 364 1894 quantas
380 1822 589 1893 pgpgpgutiongs
605 1821 768 1877 sustinuerit
782 1820 824 1876 gip
839 1821 952 1896 religio.
1001 1802 1160 1858 facilitatem
1176 1801 1350 1902 'prelatorum
1371 1802 1483 1858 licessila
1513 1803 1610 1859 tlltctta
1636 1805 1812 1899 delellol'llilj,

144 1931 191 1969 sus
211 1914 350 1981 Erginus,
371 1913 417 1985 qui
441 1914 523 1968 egam
540 1902 698 1985 martyrium
726 1929 775 1984 pm
795 1913 843 1968 Dei
858 1929 952 1972 amm
1002 1893 1127 1965 plerique
1146 1899 1228 1948 ettam
1253 1891 1404 1967 gloriantes
1426 1909 1458 1948 ex
1474 1894 1620 1950 nobilitate
1635 1896 1814 1987 seculari,'et

145 2003 236 2058 subire
252 2009 310 2058 erat
331 2009 452 2075 paratus,
474 2003 569 2074 paucis
589 2004 757 2076 aperiamus.
782 2003 859 2070 Quod
884 2003 950 2075 qni·
1000 2001 1032 2040 ⁶¹
1047 2000 1228 2056 llemonarum
1239 1985 1403 2056 ἶιθῦθΡῑῑθῐῑθ
1416 1986 1504 2059 magis
1520 2004 1603 2060 ‘luam
1620 2005 1652 2043 0¹
1665 1988 1812 2064 ΓΘῙῙΒῙΟΠῙῧ

145 2096 207 2150 dem
230 2095 382 2168 Fulqaiuus
406 2095 493 2151 abhas
514 2111 569 2152 non
596 2096 681 2152 tacuit
702 2096 729 2150 in
749 2094 844 2150 libello
868 2112 950 2168 quem
1001 2078 1152 2134 sanctitate
1178 2093 1234 2133 “³¹¹¹
1255 2093 1365 2133 ⁰¹¹¹fl⁰¹¹¹
1392 2079 1520 2134 &fimare
1544 2082 1646 2137 88511θῦ
1674 2082 1719 2150 ⁷³⁰2
1747 2072 1814 2159 egli

145 2185 179 2240 (le
206 2185 293 2258 gestis
315 2184 446 2240 abbatum
474 2183 650 2239 Lobiensium
674 2183 796 2254 sep-ipsit,
821 2184 871 2239 sed
897 2200 952 2255 qua
1002 2171 1217 2228 terebantillum
1239 2189 1272 2227 ex
1292 2173 1390 2229 humill
1404 2174 1569 2245 {conditione
1585 2184 1613 2232 et
1632 2193 1665 2232 ex
1681 2177 1736 2233 alio
1750 2177 1813 2234 1000

146 2275 301 2333 intentione
321 2277 464 2349 scripserit
489 2277 511 2332 si
529 2277 591 2348 quis
613 2276 762 2352 diligenter
787 2276 949 2347 inspexerit,
1002 2261 1056 2317 tibi
1072 2262 1197 2333 preferri,
1214 2272 1241 2319 0¹
1253 2280 1336 2339 giale
1351 2272 1379 2320 θῑ
1390 2265 1566 2321 ῑΰῑθὶθῐᾶὗῑῑθ
1580 2266 1621 2322 θῐῡ
1636 2267 1814 2325 t'idssbalssta

145 2369 226 2442 plane
247 2369 403 2445 intelligere
423 2369 523 2439 poterit
538 2368 612 2441 quod
625 2368 767 2424 ueritatem
783 2368 895 2440 quidem
911 2369 950 2424 rei
1001 2353 1164 2411 f⁰llill¹dl⁰⁰
1183 2372 1289 2411 ¹¹¹0t¹¹m
1319 2373 1430 2413 ⁵¹¹⁰s¹¹¹¹¹
1461 2358 1494 2413 ld
1520 2374 1644 2415 ¹¹⁰s¹¹¹³¹¹¹
1676 2361 1816 2434 l⁰ss¹¹¹⁸li⁸

145 2467 230 2536 gesta
244 2460 400 2534 digesserit,
417 2476 527 2515 causam
549 2467 640 2516 tamen
657 2459 696 2514 rei
721 2459 808 2534 magis
829 2476 862 2516 ex
876 2466 951 2515 motu
1001 2445 1064 2500 uitae
1079 2454 1132 2498 tam
1148 2444 1242 2501 sabito
1258 2463 1307 2517 per
1322 2447 1398 2501 illum
1429 2449 1561 2504 revocari.
1587 2449 1712 2504 Proiecto
1729 2450 1754 2504 si
1770 2452 1817 2504 re-

146 2549 228 2604 animi
244 2564 326 2619 quam
342 2564 373 2602 ex
388 2563 452 2604 vero
467 2548 662 2620 interpretatus
677 2547 721 2602 sit.
1002 2553 1062 2592 rum
1079 2538 1274 2593 convenientia
1293 2539 1464 2610 inspiciatur,
1482 2557 1537 2595 nou
1554 2540 1637 2597 nimis
1653 2543 1814 2599 mirandum

182 2640 217 2693 tt
254 2640 278 2694 ι,
301 2638 429 2698 &lmus
448 2639 572 2694 omnium
596 2639 734 2695 bonosum
761 2641 881 2696 amicitia
904 2641 950 2695 dt.
1002 2629 1229 2700 videbiturqeod
1239 2630 1335 2686 tratres
1344 2632 1390 2703 qui
1405 2633 1653 2702 perremissionem
1664 2636 1816 2707 pastoralis

146 2746 217 2805 gnus
232 2735 327 2799 utpote
344 2728 371 2782 iu
387 2744 420 2784 co
440 2728 613 2800 adquirenda
627 2730 730 2785 utiliter
749 2730 867 2788 idoneus
882 2739 909 2786 ,ι
923 2731 951 2786 t.
1001 2720 1198 2776 sollicitudinis
1210 2738 1259 2793 per
1270 2727 1405 2777 totannos
1415 2723 1584 2793 adisciplina
1595 2725 1713 2798 regulari
1720 2726 1816 2781 desei·

146 2821 336 2877 conservando
358 2820 652 2886 fideliterindustrins,
673 2821 806 2897 singulari
829 2823 950 2878 amicitia
1000 2821 1107 2881 verant,
1131 2821 1183 2869 lam
1198 2811 1349 2869 difficultis
1366 2816 1400 2869 ad
1418 2815 1612 2870 setliludissem
1627 2816 1690 2872 vitae
1715 2818 1815 2874 reduci

146 2910 341 2967 confederatus
354 2918 413 2965 erat
428 2910 564 2984 haginero
579 2908 683 2976 comiti,
703 2910 750 2982 qui
771 2910 806 2965 ob
829 2911 953 2982 proceri·
1003 2909 1138 2973 poteraut.
1158 2902 1217 2957 Non
1229 2902 1353 2974 inquam,
1365 2903 1476 2970 mirum,
1496 2904 1519 2958 si
1530 2904 1652 2960 tenuitatis
1667 2906 1817 2963 dissolutio

147 3009 228 3058 tatem
258 3003 382 3073 corperis
414 3001 662 3077 cognominabatur
690 3001 875 3078 longicollus,
904 2992 1818 3103 quic⁸⁰⁸0ffl⁰¹¹³V⁰fflh(luibllsslltl³⁰¹¹⁰Sll¹l¹⁵9⁰¹¹¹¹¹¹²abba·

148 3090 292 3146 nobilitate
313 3097 339 3145 et
354 3091 479 3162 potentia
498 3090 597 3156 clarus,
616 3097 682 3146 tunc
701 3092 834 3162 temporis
848 3092 953 3163 prisci·
1003 3096 1059 3144 tum
1076 3090 1242 3165 regularium
1253 3091 1408 3162 paternitas
1416 3092 1609 3160 excubaverat,
1622 3094 1671 3149 sed
1686 3111 1818 3152 mercen-

147 3179 264 3252 pabatur
279 3180 497 3256 llaginoeusibus
511 3181 556 3234 ⁷²³.
570 3180 617 3235 llic
626 3179 706 3252 primi
728 3180 954 3238 haldriciLeodi-
1004 3177 1073 3232 narii
1090 3179 1178 3250 etqui
1194 3194 1249 3234 nen
1264 3187 1343 3234 erant
1365 3189 1501 3252 pastores,
1518 3197 1636 3254 quorum
1658 3199 1714 3238 non
1732 3195 1816 3241 erant

149 3273 272 3328 censium
289 3272 413 3344 episcopi
436 3272 589 3329 avunculus
609 3273 671 3341 tuit,
693 3280 720 3328 at
741 3274 805 3346 qaia
830 3290 879 3330 sue
903 3289 952 3345 pe·
1003 3285 1068 3326 oves
1082 3271 1210 3342 propriae,
1231 3270 1400 3327 dominicum
1416 3274 1488 3330 ovile
1507 3275 1721 3346 dissipaverant,
1748 3277 1815 3332 dum

146 3365 232 3422 tentia
247 3366 274 3420 in
290 3365 421 3422 omnihus
433 3367 527 3438 nepoti
542 3381 592 3423 suo
612 3365 743 3437 episcopo
764 3366 953 3437 patrocinabe-
1003 3379 1064 3434 quse
1077 3379 1126 3418 sua
1147 3371 1174 3420 ct
1195 3381 1250 3419 non
1275 3382 1336 3437 quae
1353 3365 1400 3421 liei
1431 3373 1510 3422 crant
1529 3376 1697 3455 quergutes.
1719 3370 1815 3427 omnia

147 3465 200 3528 tur,
221 3458 360 3514 abhatiam
390 3459 554 3515 Lobieusem
573 3459 601 3514 in
628 3456 766 3514 beneficio
785 3460 901 3530 accepit.
922 3459 953 3514 Et
1002 3457 1110 3512 venalia
1125 3457 1277 3523 habebant,
1297 3465 1324 3512 et
1340 3458 1367 3513 iu
1387 3460 1512 3516 aecclesia
1532 3462 1579 3516 Dei
1605 3462 1763 3527 columnas,
1785 3464 1813 3519 id

145 3548 244 3603 mirum
261 3548 289 3602 in
310 3548 421 3603 modum
437 3548 484 3619 qul
499 3548 631 3604 secularis
651 3547 783 3620 potentiae
806 3548 952 3620 tyrannide
1002 3555 1044 3601 est
1063 3547 1163 3624 gratias
1175 3548 1294 3619 Spiritus
1306 3549 1405 3617 sancti,
1432 3550 1597 3617 vendentes,
1623 3551 1738 3607 domum
1764 3553 1813 3610 liei

144 3636 192 3691 toti
221 3637 338 3709 imperio
353 3637 551 3693 formidolosus
567 3643 635 3704 erat,
659 3637 827 3693 uenerabilis
848 3637 950 3692 Erluiui
1000 3639 1160 3708 speluncam
1176 3638 1313 3695 latronum
1328 3638 1485 3695 etiecerant.
1506 3641 1582 3706 Quod
1598 3641 1701 3696 malum
1717 3643 1745 3696 in
1766 3659 1811 3699 ca·

143 3724 256 3781 monitis
277 3725 433 3780 salubribus
448 3725 567 3780 libenter
585 3725 735 3780 obediebat
759 3732 787 3780 et
808 3725 902 3779 audito
916 3741 949 3781 eo
1004 3734 1052 3798 put
1076 3728 1184 3785 iliorum
1206 3729 1376 3783 redundasse
1396 3729 1528 3796 creditur,
1545 3729 1591 3801 qui
1619 3737 1649 3784 ut
1675 3731 1739 3786 mali
1766 3749 1813 3804 pa-

145 3818 232 3874 multa
244 3818 372 3885 liciebat,
391 3827 421 3874 nt
435 3819 460 3874 ei
474 3820 671 3875 conuenienter
690 3820 759 3875 illud
780 3821 868 3891 aptari
883 3835 950 3891 pos·
999 3825 1087 3872 stores
1102 3817 1172 3872 lacte
1190 3817 1281 3873 ouium
1303 3818 1350 3872 hei
1366 3818 1532 3892 inpinguati,
1555 3818 1628 3873 lanis
1643 3836 1741 3876 corum
1758 3838 1811 3877 ve·

141 3909 177 3963 sit
194 3910 266 3981 quod
290 3911 375 3964 lsalas
390 3911 553 3965 vaticinatus
566 3911 618 3966 ait:
643 3917 690 3968 tce
704 3916 782 3982 qnasi
803 3914 846 3968 bes
856 3915 948 3982 potens
998 3909 1065 3974 stiti,
1083 3909 1292 3981 vilipendebant
1304 3911 1416 3983 abigere
1431 3912 1510 3982 lupos
1525 3912 1559 3965 ab
1573 3912 1637 3966 ovili
1654 3911 1764 3980 Christe
1781 3924 1811 3969 et

142 4000 275 4066 eomedet;
293 4006 318 4054 et
329 4001 504 4056 dctmtehitnr
517 4005 610 4069 infans
632 4002 667 4057 ab
682 4003 762 4059 abac
779 4018 859 4072 snper
872 4006 947 4070 sora·
998 4000 1077 4071 quasi
1098 4016 1181 4056 canes
1196 4000 1264 4055 rituti
1281 4015 1336 4056 non
1351 4000 1476 4056 ualentes
1492 4001 1600 4063 latrare,
1616 4002 1724 4057 animas
1744 4003 1809 4058 sub-

140 4094 215 4147 nn'ne
228 4094 344 4163 aspttts3
362 4100 388 4150 et
402 4097 432 4149 in
446 4110 562 4150 coverne
576 4098 663 4165 repeti
687 4099 733 4166 qni
747 4097 900 4153 abactores
912 4098 945 4132 ³²²
994 4093 1130 4161 Jeetorum
1145 4092 1321 4164 patiebantur
1335 4093 1455 4148 interire.
1474 4093 1540 4158 Quis
1560 4096 1634 4148 enim
1663 4110 1721 4150 non
1743 4112 1810 4151 exe-

140 4187 225 4253 sncrt't
238 4191 326 4243 mittet
340 4205 457 4244 ananum
469 4206 550 4245 senna
565 4191 629 4261 (tsn.
645 4207 671 4244 xi
687 4191 713 4260 7)
729 4192 774 4242 ⁷²⁸.
791 4191 886 4247 hirom
903 4191 946 4246 in·
996 4186 1109 4242 cretur‘l
1124 4188 1196 4260 quis,
1221 4188 1345 4260 inquam,
1366 4204 1420 4244 non
1436 4189 1621 4246 abominetur.
1640 4190 1715 4262 quod
1733 4199 1810 4247 tanta

138 4295 219 4351 quam
234 4288 301 4337 erat.
318 4281 392 4353 quod
412 4274 629 4355 comes‘potens,
645 4284 691 4356 qui
719 4283 881 4340 tortitudine
895 4301 945 4340 sua
997 4275 1114 4341 incuria,
1126 4291 1161 4330 ne
1176 4275 1264 4332 dicam
1281 4276 1406 4343 avaritia,
1422 4277 1529 4333 animos
1544 4277 1743 4349 episcoporum
1760 4278 1808 4333 in-

137 4374 215 4447 quasi
244 4375 287 4431 leo
312 4384 427 4432 cunctos
452 4377 583 4445 terrebat,
610 4379 703 4450 paleas
729 4378 870 4436 verbillei
890 4379 943 4435 sub
996 4368 1120 4434 cesserit,
1137 4369 1259 4440 (tUOdtb
1279 4370 1475 4425 &UUODOmissl
1498 4370 1561 4433 863,
1584 4370 1659 4443 quod
1690 4370 1809 4426 odibilis

138 4481 219 4523 manu
236 4468 367 4540 pauperis
382 4467 479 4524 christi
495 4470 670 4536 comedebat3
688 4479 716 4525 et
735 4470 782 4542 qui
806 4470 884 4542 quasi
899 4487 943 4527 as·
993 4463 1048 4517 Deo
1070 4461 1205 4519 lluhertas
1216 4464 1282 4530 dux,
1299 4463 1382 4519 trater
1399 4465 1502 4536 reginae
1528 4463 1691 4536 liethergae,
1709 4463 1806 4538 iegato

137 4554 179 4625 pis
191 4563 219 4610 et
233 4556 346 4631 regulas
361 4558 453 4613 omnia
468 4557 630 4631 depopulari
645 4559 741 4617 solitus
756 4567 823 4628 erat,
841 4560 869 4614 in
883 4561 944 4630 ejus
993 4555 1136 4626 llartperte
1150 4555 1261 4624 abbate,
1284 4557 1423 4612 abbatiam
1440 4556 1604 4612 Lobieusem
1629 4557 1741 4623 inuasit,
1761 4574 1808 4614 us·

137 4660 265 4714 caverna,
284 4647 312 4702 id
328 4656 369 4704 est
389 4650 416 4704 in
442 4651 533 4705 corcis
551 4650 610 4722 ejas
632 4652 813 4721 conscientia,
831 4669 941 4709 maurim
993 4662 1048 4718 que
1064 4647 1099 4702 ad
1120 4663 1223 4703 annum
1240 4649 1347 4703 homini
1363 4649 1426 4717 955,
1446 4664 1500 4720 aare
1522 4649 1661 4704 haldricus
1687 4649 1808 4720 expulso

137 4751 214 4792 suam
235 4739 360 4795 mittebat
375 4740 424 4796 iste
440 4742 486 4814 qui
501 4742 771 4815 malitiapuererat‚
788 4752 847 4800 eta
872 4745 942 4801 tacte
995 4738 1123 4794 ltatlrerio
1148 4739 1306 4794 cathedram
1331 4739 1463 4795 aecclesiae
1486 4739 1665 4795 leodicensis
1684 4741 1808 4811 accepit,

136 4826 283 4882 mundana
298 4827 453 4885 dulcedinis
468 4830 621 4888 ablactatus
637 4840 705 4888 erat.
730 4834 795 4888 Cum
812 4848 877 4907 ergo
892 4850 940 4889 se·
992 4830 1069 4886 locus
1095 4831 1142 4886 ille
1169 4838 1251 4887 tautae
1273 4832 1405 4888 hactenus
1433 4832 1586 4889 nobilitatis
1605 4842 1633 4888 et
1659 4832 1808 4905 religionis

137 4930 202 4971 mc·
217 4916 292 4972 verbi
306 4917 354 4973 hei
368 4918 395 4972 in
408 4919 491 4974 corde
506 4920 565 4989 ejus
577 4921 656 4992 quasi
677 4937 761 4992 supra
777 4928 882 4993 petram
898 4923 940 4978 vel
992 4923 1097 4979 honore
1112 4924 1231 4999 insignis
1242 4925 1303 4980 sine
1318 4926 1426 4981 abbatis
1442 4926 1594 4997 prelatione
1621 4925 1784 5005 perdurarit
1792 4925 1806 4980 l

136 5023 221 5080 supra
237 5009 331 5081 spinas
345 5011 465 5079 caderet,
478 5013 656 5086 contingebat
669 5015 821 5070 secundum
835 5014 943 5070 homiui
994 5011 1060 5066 Nam
1081 5020 1224 5085 postquam
1256 5013 1395 5084 predictus
1415 5014 1551 5070 hubertus
1579 5015 1665 5069 abbas
1692 5021 1720 5070 et
1748 5013 1805 5069 dun

138 5105 314 5174 senteutiam,
330 5114 360 5162 ιιι
375 5107 450 5163 illum
467 5125 529 5163 cum
544 5109 645 5181 gaudio
662 5109 774 5180 quidem
789 5110 944 5181 susciperet
990 5101 1065 5170 justo
1080 5101 1126 5156 hei
1144 5103 1250 5174 judicio
1265 5103 1293 5157 in
1315 5104 1387 5160 hello
1420 5105 1556 5160 extinctus
1571 5104 1684 5172 interiit,
1700 5103 1806 5160 Franco

138 5196 943 5270 sedquiaradicemharitatisuonhabehat‚dumadtempns
993 5193 1041 5266 qui
1057 5195 1082 5249 ei
1099 5194 1126 5249 ia
1140 5195 1276 5268 regimine
1287 5198 1431 5266 successit,
1444 5198 1538 5269 etipse
1550 5197 1728 5268 postmodum
1746 5197 1807 5267 epi·

138 5288 312 5344 crederetm
326 5296 352 5345 ct
367 5291 531 5360 intempore
552 5291 742 5362 temptationis
758 5292 912 5358 recederet,
927 5308 943 5345 a
993 5303 1094 5359 scopas
1108 5288 1204 5356 iactus,
1232 5289 1371 5346 abbatiam
1392 5290 1555 5345 labiensem
1571 5289 1651 5344 subdi
1664 5289 1720 5359 juri
1742 5289 1806 5360 epi-

139 5377 212 5433 curis
235 5387 263 5435 et
291 5377 393 5434 diuitiis
422 5377 507 5433 seculi
535 5376 791 5435 suffocatoseminc
825 5378 941 5434 tractum
992 5378 1271 5449 scopiiheodiceusis
1297 5378 1533 5436 exmanihcentia
1556 5379 1732 5451 imperatoris
1757 5380 1805 5435 Ar·
1840 5398 1850 5409 ·

812 5505 1120 5564 vnatmtechotas

174 5607 208 5644 ³¹⁶
224 5614 413 5670 uodetentnnt.
454 5615 487 5649 ⁷¹⁸
499 5615 708 5687 jttmahlatatus
729 5618 976 5688 manopestertert.
1014 5616 1048 5650 ‘⁴²⁹
1064 5619 1107 5673 hic
1137 5620 1299 5673 titteronnc
1324 5619 1564 5675 alterneeahrase.
1606 5618 1641 5652 '⁶³⁰
1661 5617 1802 5673 assuetic.
