3720 6014
105 113 159 167 973
582 109 624 163 Uli
644 107 750 165 etune
772 107 811 164 UT
832 108 897 164 triv.
918 109 945 165 S.
967 109 1094 167 CllUClS.
1115 143 1150 153 -
1170 113 1232 170 tto.
1254 114 1301 168 lll.
1722 119 1776 174 974

105 240 228 308 taedium,
242 239 309 310 quid
324 238 377 294 sibi
400 237 548 293 revelatum
565 237 612 306 sit,
633 238 703 293 alter
720 239 799 294 alteri
813 245 1040 314 propo-Ainter
1065 260 1163 300 manus
1202 243 1361 311 habemus,
1391 245 1436 316 {dc
1466 246 1577 301 nomine
1611 248 1714 315 unius,
1749 255 1776 305 et

105 333 188 386 nebat
216 331 242 385 iu
270 331 403 396 medium,
433 330 498 385 dum
527 330 629 385 divinus
657 331 773 386 visionis
804 333 917 388 lrorama
968 338 1002 392 de
1040 333 1205 404 baptismate
1247 333 1360 387 alterius
1395 333 1487 404 aliqua
1519 334 1665 402 dicamne,
1705 352 1777 409 quo-

105 421 209 491 (ὅραμα)
227 420 332 475 eisdem
348 421 440 475 verbis
455 420 502 474 ille
517 421 612 476 retulit
625 420 669 475 isti
684 420 787 492 quibus
801 421 827 476 ei
842 422 918 494 prius
969 425 1040 480 niam
1062 422 1089 476 in
1118 421 1299 493 quorumdam
1327 420 1456 477 cordibus
1485 438 1613 496 magnum
1644 424 1777 480 indesce-

106 514 256 568 revelatum
272 520 314 568 est
327 513 360 566 ab
377 512 509 582 apostolis
524 510 623 567 Christi
654 512 917 584 Utlicetidemvir,
969 514 1030 584 pius
1054 519 1144 566 ortum
1183 518 1224 564 est
1261 509 1390 578 schisma,
1423 511 1497 581 quod
1538 511 1583 566 lric
1630 513 1664 567 de
1694 514 1778 569 Euse-

106 601 187 672 paulo
204 609 266 672 post
280 602 360 655 miles
375 600 472 656 Christi
490 602 609 669 futurus,
637 603 836 673 aliquantulum
846 611 919 661 esset
968 601 1026 668 bio,
1045 608 1072 656 et
1095 600 1151 655 illic
1165 617 1180 654 a
1194 599 1333 671 sylvestro
1353 600 1454 673 legitur
1470 603 1611 672 accepisse
1630 603 1776 673 baptisma.

106 692 140 746 de
156 693 253 748 cadem
269 693 376 748 visione
388 708 518 760 securus,
531 693 620 749 adhuc
635 703 726 748 tamnu
741 694 806 750 iude
822 696 918 751 volens
968 691 995 746 Si
1016 693 1090 747 enim
1107 693 1133 747 in
1149 693 1234 765 gestis
1254 692 1408 748 Graecorum
1434 694 1558 750 studiose
1577 696 1721 766 quaeritur,
1742 695 1776 756 ab

106 781 231 837 securior
251 797 323 847 esse,
341 782 483 853 inquirere
499 781 583 852 coepn
612 781 636 835 si
661 780 796 853 imagines
822 793 917 833 eernn
968 785 1088 841 sussum
1104 785 1233 840 sarrana
1248 784 1324 840 urnis
1349 785 1480 857 episcopo
1495 786 1653 856 baptizatus
1674 788 1778 842 assert-

109 873 278 928 haberentur
292 874 442 943 impressae.
466 874 544 928 Unde
564 880 591 928 et
610 873 709 928 beatus
729 872 868 944 Sylvesler
885 869 920 923 ad
970 882 1023 930 tur.
1039 874 1066 928 Si
1086 880 1175 928 autem
1206 874 1233 927 in
1261 874 1383 929 historiis
1410 874 1595 930 Romanorum
1619 876 1711 931 studio
1742 877 1780 931 ri·

108 963 307 1018 obstruendum
317 962 442 1032 ejusdem
451 960 614 1016 diffidentiae
622 961 796 1033 voraginem,
807 974 918 1014 eorum·
970 970 1059 1017 matur
1073 964 1200 1030 honesto,
1225 962 1320 1033 procul
1337 979 1353 1017 o
1372 962 1458 1018 dubio
1475 962 1629 1035 baptizatus
1650 965 1750 1039 legitur
1765 981 1780 1018 a

108 1055 170 1110 dem
187 1053 375 1125 apostolorum
397 1053 421 1108 ci
437 1054 587 1128 genuinam
608 1051 708 1107 deferri
737 1051 801 1106 feeit
820 1049 919 1124 imagi·
970 1051 1117 1122 Sylvestro.
1135 1051 1211 1106 Unde
1228 1052 1349 1107 breviter
1365 1052 1409 1106 liic
1425 1053 1600 1108 enodandum
1617 1062 1660 1109 cst
1682 1054 1709 1107 in
1727 1071 1779 1110 no-

109 1166 186 1204 nem:
208 1157 237 1204 ut
253 1149 361 1220 plenius
377 1155 525 1203 testaretur
539 1148 630 1220 imago
651 1148 792 1218 impressae
818 1144 918 1199 tabulae
971 1145 1045 1199 mine
1060 1145 1179 1209 Domini,
1203 1145 1323 1216 qualiter
1342 1146 1402 1199 haec
1417 1146 1473 1200 duo
1487 1146 1599 1200 nomina
1616 1147 1662 1201 nni
1679 1163 1783 1202 conve-

108 1251 200 1296 utrum
215 1240 284 1296 visio
300 1240 346 1294 illa
356 1240 483 1311 deputari
504 1239 620 1294 deberet
633 1239 673 1293 rei
685 1245 769 1312 gestae
783 1236 826 1292 vel
841 1235 919 1291 tabu·
972 1237 1050 1291 uiant
1069 1237 1185 1304 bomini,
1207 1245 1236 1292 ut
1251 1237 1377 1308 quaestio,
1394 1254 1455 1309 quae
1478 1238 1550 1293 inter
1566 1239 1699 1311 quosdam
1717 1239 1781 1293 inde

108 1331 152 1386 lae.
171 1331 278 1385 Etcum
294 1344 350 1385 non
367 1329 436 1383 alias
456 1329 592 1401 imagines
607 1333 706 1399 praeter
719 1327 769 1381 lias
787 1334 923 1397 quaercret
975 1332 1046 1388 solet
1055 1332 1131 1399 oriri,
1143 1333 1217 1402 justa
1229 1331 1316 1403 possit
1328 1333 1434 1388 ratione
1450 1333 1545 1404 sopiri.
1559 1333 1716 1388 Secundum
1733 1333 1783 1386 ‹le-

110 1420 190 1485 duas,
220 1420 294 1474 inter
320 1434 419 1472 manus
439 1416 612 1474 offerentium
630 1416 763 1472 continuo
781 1429 828 1470 0³⁵·
846 1428 924 1468 t000·
977 1423 1129 1479 fruitionem
1141 1425 1215 1479 enim
1231 1424 1409 1496 sapientium,
1425 1431 1452 1479 et
1477 1441 1533 1480 non
1549 1426 1702 1480 secuudum
1722 1423 1783 1495 opi·

109 1511 206 1585 gnam
224 1519 254 1564 ut
278 1525 352 1573 suas,
369 1509 434 1564 uum
462 1507 649 1580 promodulo
675 1522 724 1562 suo
749 1521 783 1562 ee
808 1506 926 1574 naiores
977 1513 1088 1568 utonem
1102 1513 1234 1584 plebium,
1252 1513 1363 1584 quidam
1376 1529 1438 1567 eum
1454 1528 1587 1569 vocavere
1604 1510 1783 1584 Syllestrum,

110 1600 175 1654 inde
189 1599 291 1672 gratias
310 1599 412 1654 tlivinae
432 1598 528 1653 retulit
553 1598 658 1661 virtuti,
690 1613 745 1669 quo
772 1595 923 1651 decadem
977 1604 1088 1676 quidam
1109 1613 1199 1659 aurem
1223 1604 1383 1670 Eusebium,
1403 1604 1547 1675 quoniam,
1561 1605 1632 1659 sicut
1647 1604 1675 1659 jn
1698 1604 1785 1675 pluri.

111 1688 218 1743 visione
233 1702 358 1753 seourus,
374 1686 493 1742 vicinior
508 1685 653 1741 videbatur
668 1701 729 1740 esse
741 1685 833 1740 saluti·
849 1684 925 1739 Unde
976 1695 1027 1748 bus
1042 1691 1110 1746 locis
1128 1690 1247 1746 refertur
1262 1707 1277 1745 a
1292 1689 1464 1757 Christianis,
1485 1692 1621 1746 Eusebius
1634 1692 1786 1748 vocabatur

111 1785 256 1849 postquam
274 1793 304 1832 se
320 1776 349 1831 in
370 1776 480 1830 laudem
497 1791 591 1830 eorum
616 1776 727 1829 animus
742 1775 802 1843 ejus
823 1775 921 1841 etexit.
973 1781 1115 1846 aGraecis,
1132 1787 1159 1835 et
1173 1780 1310 1851 Sylvester
1325 1796 1340 1834 a
1356 1780 1496 1836 Romanis.
1516 1781 1635 1837 Proinde
1652 1781 1784 1853 quoniam

112 1885 229 1940 quorum
245 1869 338 1924 vultus
353 1869 380 1922 in
399 1867 507 1923 visione
523 1867 678 1938 conspexit,
698 1867 841 1922 catholica
858 1865 922 1921 fidei
975 1871 1111 1926 Eusebius
1122 1869 1243 1925 Graecum
1259 1885 1360 1924 nomeu
1381 1878 1450 1934 crat,
1465 1885 1521 1925 non
1538 1871 1691 1946 incongrue
1706 1871 1784 1924 Grae-

114 1972 148 2012 00
159 1957 247 2031 magis
258 1955 390 2011 delt’elaii
406 1955 489 2026 coellii
503 1954 648 2027 indigine,
660 1971 714 2026 quo
728 1954 762 2009 de
778 1954 869 2009 future
882 1970 925 2008 Sa·
974 1977 1036 2016 cum
1057 1959 1124 2014 illud
1141 1974 1241 2014 nomen
1256 1975 1271 2012 a
1284 1958 1385 2013 Graecis
1400 1959 1531 2026 habebat,
1552 1960 1616 2031 quia
1629 1959 1729 2015 sicnta
1746 1959 1786 2014 le-

115 2047 200 2101 nitate
214 2045 353 2101 certiores
367 2052 482 2115 utraque
490 2043 793 2118 reddebaturimagiue.
807 2043 925 2099 Proinde
975 2055 1067 2129 gendo
1086 2055 1176 2120 tector,
1188 2053 1229 2107 vet
1246 2069 1260 2106 a
1277 2053 1418 2128 pingendo
1436 2058 1522 2123 pretor
1536 2061 1657 2114 vocatur,
1675 2054 1716 2108 syc
1733 2054 1786 2108 pu.

119 2134 147 2188 in
163 2134 245 2189 eorde
255 2134 342 2204 ipsius
355 2131 526 2204 aliquantula
537 2131 638 2187 divinae
652 2130 820 2206 cognitionis
830 2130 927 2186 oborta
977 2144 1101 2199 sphinga
1120 2144 1268 2200 scribendo
1282 2145 1383 2199 dicitur
1401 2145 1492 2200 ymnus
1511 2146 1630 2216 scriptor
1657 2145 1703 2215 (i).
1722 2147 1782 2216 {pse

118 2226 284 2298 propagine,
312 2226 340 2279 in
361 2241 459 2280 novam
480 2224 666 2298 imaginema
697 2224 784 2278 veteri
804 2223 928 2279 transivit
978 2231 1051 2286 enim
1076 2232 1155 2302 quasi
1178 2231 1268 2286 scriba
1293 2232 1535 2308 doctusinregno
1565 2232 1698 2289 caelorum
1715 2234 1786 2304 stylo

117 2319 249 2391 imagine,
266 2319 331 2373 dum
347 2318 380 2372 ad
398 2318 449 2373 boc
464 2316 671 2391 cognitionibus
686 2317 776 2382 malis,
792 2326 819 2371 et
833 2315 928 2387 operi·
978 2320 1183 2391 praedicationis
1215 2319 1326 2390 scripsit
1362 2321 1389 2374 in
1430 2321 1562 2376 cordibus
1595 2322 1783 2392 proximorum

117 2415 170 2468 bus
191 2413 357 2467 renuntiavit
371 2412 495 2477 incestis,
521 2417 551 2465 ut
565 2408 613 2482 qui
636 2410 753 2481 portavit
778 2408 927 2480 imaginem
979 2429 1039 2484 quae
1055 2412 1096 2482 vel
1109 2411 1201 2483 qualia
1213 2411 1344 2473 Uurniuus
1358 2412 1479 2467 narravit
1495 2414 1521 2467 in
1534 2414 1678 2484 scripturis
1692 2430 1785 2484 popu·

118 2506 232 2571 terreni,
256 2511 379 2575 portaret
401 2511 429 2558 et
458 2503 607 2577 imaginem
637 2501 766 2557 ccelesiis.
796 2501 828 2556 Ut
854 2501 927 2555 enim
980 2501 1078 2568 lorum,
1097 2501 1296 2572 quandointer
1320 2502 1535 2557 caetcradivinae
1556 2503 1686 2573 potentiae
1703 2503 1784 2556 mira·

117 2601 196 2672 quasi
214 2600 247 2654 rle
263 2599 385 2671 imagine
400 2597 435 2653 ad
447 2598 606 2670 imaginem,
624 2597 660 2652 ita
675 2597 708 2651 de
727 2596 930 2653 vitiotransiret
979 2594 1052 2664 cula,
1069 2593 1182 2665 protulit
1202 2593 1243 2648 eis
1262 2594 1297 2647 de
1319 2595 1450 2650 thesauro
1469 2611 1519 2650 suo
1544 2612 1615 2651 nova
1638 2605 1666 2651 et
1683 2602 1787 2651 velera.

120 2692 302 2755 invirtutem,
324 2705 374 2761 pro
391 2689 485 2745 labore
512 2689 639 2761 quaesivit
658 2689 795 2761 requiem,
823 2695 850 2743 et
879 2703 929 2758 pro
980 2686 1155 2757 litquoniam
1172 2686 1635 2760 veterisac,novrelegisedictum
1652 2688 1680 2741 in
1697 2687 1788 2742 tabula

72 2856 74 2861 Α
119 2781 278 2837 infirmitate
293 2782 423 2847 salutem,
438 2779 548 2852 quando
573 2796 623 2850 per
643 2778 811 2835 ineffabilem
828 2779 928 2847 divinae
979 2776 1072 2831 cordis
1089 2776 1131 2831 sui
1155 2775 1305 2849 diligenter
1321 2777 1439 2831 babebat
1459 2777 1633 2848 inscriptum,
1654 2777 1719 2831 ideo
1742 2777 1788 2831 dic

96 2899 97 2902 ¹
119 2872 402 2945 pietatiselfrcaciam,
418 2873 453 2927 de
464 2871 586 2927 mortein
596 2872 690 2937 vitam,
703 2871 737 2925 de
752 2871 928 2941 eulpatrans-
942 2915 967 2985 C
980 2882 1117 2944 noctuque
1140 2871 1237 2926 didicit
1257 2871 1436 2942 inscriptura
1448 2872 1571 2928 veritatis
1588 2872 1708 2944 qualiter
1723 2871 1789 2926 odio

119 2966 167 3021 ivit
192 2965 365 3040 ingratiam.
393 2964 450 3019 Tali
471 2964 574 3036 quippe
602 2964 684 3019 modo
711 2963 807 3018 voleus
836 2977 866 3017 se
894 2959 929 3016 ab
980 2964 1124 3019 habiturus
1138 2971 1211 3019 esset
1230 2979 1340 3019 omnem
1356 2965 1427 3020 viam
1444 2964 1608 3038 iniquitatis.
1624 2965 1791 3034 Undopost·

121 3054 195 3109 omni
212 3054 344 3110 cohibere
376 3053 511 3119 facinore,
530 3055 556 3121 :a
572 3051 676 3107 carnali
703 3066 799 3122 opere,
821 3051 931 3106 veluta
981 3070 1061 3125 quam
1083 3052 1412 3109 infantibusSalvatoris
1443 3053 1578 3108 calamum
1602 3053 1695 3109 cordis
1710 3054 1792 3108 altius

123 3146 219 3220 legalis
247 3145 358 3200 Sabbati
382 3143 488 3215 quievit
515 3143 624 3200 itinere.
642 3140 751 3213 quando
765 3149 794 3196 ut
820 3141 932 3210 aculpa
982 3145 1104 3209 intinxit,
1119 3145 1154 3199 ad
1177 3145 1325 3218 imaginem
1343 3152 1370 3198 et
1393 3143 1602 3199 similitudinem
1623 3145 1670 3199 Uei
1689 3144 1793 3199 mentis

121 3241 216 3304 posset
237 3235 287 3300 ire,
307 3239 334 3288 et
360 3233 387 3286 in
417 3232 506 3306 gratia
531 3231 686 3303 quiescere,
709 3229 788 3301 quasi
812 3245 873 3284 cum
890 3230 932 3284 lu·
984 3232 1116 3288 interiora
1130 3232 1265 3302 depinxit,
1284 3239 1313 3287 ut
1328 3232 1355 3286 in
1376 3233 1458 3286 aliam
1483 3231 1598 3288 formam
1614 3232 1793 3288 transforma-

122 3341 206 3381 nerna
221 3332 247 3380 et
261 3326 322 3379 luce
335 3324 363 3378 in
379 3338 435 3378 uno
450 3323 534 3393 eoepit
549 3322 647 3388 minui,
667 3328 694 3375 et
718 3321 746 3374 in
765 3320 850 3375 altero
870 3335 932 3375 cre·
982 3325 1172 3380 returcalamo
1186 3323 1296 3390 scribae,
1311 3323 1447 3378 dicentis:
1470 3327 1573 3393 Linque
1593 3339 1654 3379 mea
1671 3327 1793 3379 colonius

123 3433 212 3474 scere.
224 3417 275 3471 Per
284 3417 452 3487 sylvestrum
465 3414 540 3469 enim
556 3412 642 3468 divini
656 3411 770 3467 luminis
780 3412 934 3467 illustratus
981 3416 1075 3472 scribta
1088 3416 1211 3471 velociter
1228 3416 1369 3470 scribentis
1382 3416 1465 3485 (Psoi.
1482 3417 1564 3471 xsrvl.

124 3512 254 3580 scientia,
268 3512 339 3566 sicut
354 3508 501 3565 deficiebat
511 3508 539 3563 in
555 3508 647 3580 culpa,
663 3508 690 3561 in
704 3509 792 3582 gratia
808 3507 935 3580 prolicie-
1020 3507 1089 3582 Ergo
1112 3507 1227 3578 quiade
1247 3507 1359 3562 nomine
1388 3506 1499 3561 Eusebii
1516 3522 1590 3561 nunc
1611 3505 1794 3560 satisfecimus

74 3590 77 3594 ’
125 3601 569 3674 batetsapientia,exceptoboc
588 3599 935 3671 unoquodadbucculpa
985 3599 1072 3655 turbae
1092 3599 1222 3670 pedestri,
1238 3599 1352 3673 dignum
1382 3607 1424 3655 est
1448 3607 1477 3655 ut
1492 3600 1527 3654 dc
1547 3599 1681 3656 vocabulo
1696 3598 1792 3669 Sylve-

126 3698 268 3770 redarguit
282 3712 356 3761 eum,
372 3695 446 3767 quod
463 3696 491 3750 in
504 3693 643 3765 sapientia
656 3693 836 3748 Deinondum
853 3693 935 3764 plene
985 3691 1034 3747 stri
1060 3692 1116 3763 jam
1154 3692 1232 3764 quasi
1272 3690 1377 3746 militiae
1415 3691 1620 3747 satisfaciamus
1661 3689 1795 3763 equestri,

69 3786 73 3804 ’·
126 3786 256 3861 cognovit
270 3801 320 3855 per
334 3783 497 3854 sapientiam
527 3783 623 3838 ileum.
645 3781 722 3837 Unde
741 3789 771 3836 ut
794 3781 937 3853 sapienter
985 3785 1052 3857 quia
1075 3785 1146 3842 sicut
1179 3786 1213 3841 ab
1245 3801 1317 3857 equo
1344 3785 1445 3843 dicitur
1480 3802 1583 3857 eques,
1623 3791 1651 3840 et
1678 3801 1693 3839 a
1725 3783 1795 3855 pede

74 3862 77 3892 ³
126 3882 199 3936 inter
214 3881 275 3935 illos
290 3879 430 3950 desiperet
441 3878 616 3949 insipientes,
631 3877 665 3933 de
686 3877 788 3950 quibus
803 3874 934 3948 scriptum
986 3873 1125 3945 pedester,
1140 3875 1181 3929 sie
1199 3875 1272 3930 idem
1290 3875 1330 3930 vir
1345 3891 1400 3932 non
1414 3876 1568 3952 incongrue
1587 3893 1603 3931 a
1619 3877 1694 3947 sylva
1714 3890 1796 3930 voca-

72 3952 77 3979 ἶ
128 3981 185 4027 est:
201 3976 264 4037 Quoe
277 3973 362 4027 stulta
374 3976 439 4026 sunt
452 3971 550 4026 abundi
557 3971 635 4039 clepit
649 3976 726 4037 Deus,
743 3975 774 4024 ut
786 3970 937 4036 mnfundat
985 3961 1210 4033 baturSylvetter·
1229 3963 1295 4027 Quis
1314 3964 1387 4020 enim
1409 3964 1517 4021 diffidet
1532 3966 1606 4020 hune
1620 3965 1708 4018 virum
1730 3979 1798 4033 pro·

128 4062 261 4128 sopientes
282 4058 305 4127 (l
320 4062 377 4114 Cor.
389 4057 431 4129 n),
447 4058 481 4112 de
496 4057 552 4113 fide
562 4057 703 4114 Trinitatis
718 4064 745 4113 et
756 4058 791 4112 de
805 4057 936 4128 mysterio
986 4057 1103 4129 plretieis
1115 4064 1143 4114 et
1157 4059 1322 4132 evangelicis
1337 4059 1446 4131 legibus
1461 4060 1626 4118 institutum,
1651 4056 1797 4112 frondibus

74 4151 75 4154 ’
130 4150 221 4206 crucis
236 4164 269 4205 eo
284 4149 438 4205 studiosius
461 4148 602 4221 inquirere
621 4148 734 4219 coepita
752 4148 935 4219 sapientibus,
990 4149 1123 4204 bonorum
1138 4165 1252 4220 operum
1269 4149 1296 4203 in
1311 4149 1414 4219 sylvam
1431 4164 1542 4220 semper
1568 4147 1722 4203 excrevisse
1741 4147 1798 4202 vir·

71 4254 76 4261 '
132 4259 187 4316 quo
202 4244 236 4299 ad
259 4243 415 4315 exemplum
443 4244 566 4314 Apostoli
586 4244 687 4298 debitor
713 4258 768 4300 esse
789 4245 874 4300 uoluit
891 4259 937 4299 sn·
949 4217 977 4289 D
991 4240 1098 4294 tutum?
1113 4240 1152 4296 Ne
1166 4240 1409 4315 enimevangelica
1421 4239 1490 4296 falce
1510 4256 1571 4296 cum
1586 4239 1683 4294 eadem
1699 4239 1799 4295 arbore

129 4333 306 4403 pienlilruset
332 4334 521 4403 insipientibus
542 4334 624 4400 (Rom.
654 4333 682 4404 ι).
700 4333 730 4387 lit
749 4342 779 4388 ut
799 4340 940 4405 perpetuae
992 4331 1192 4399 succideretur,
1212 4332 1442 4403 dequadicitur:
1465 4332 1724 4401 Omnisariorquoe
1744 4347 1800 4386 nori

77 4411 79 4415 ’
131 4420 227 4477 salutis
240 4422 408 4494 quandoque
422 4422 571 4495 attingeret
584 4429 703 4492 portum,
720 4423 748 4476 in
766 4423 859 4494 seipso
881 4422 941 4479 ido·
992 4424 1060 4489 facit
1070 4425 1194 4489 fructum
1213 4424 1313 4478 bonum
1327 4424 1475 4490 excidetur,
1488 4430 1514 4478 et
1537 4426 1568 4478 in
1591 4425 1680 4492 quem
1707 4425 1798 4478 mitic-

75 4516 82 4591 ᾖ
133 4508 246 4564 lolatriae
262 4524 387 4566 occasum
402 4517 430 4565 ct
448 4509 513 4564 frdei
527 4509 645 4582 prebuit
661 4518 763 4577 ortum,
779 4511 845 4583 quia
859 4517 939 4581 post·
990 4513 1136 4585 tarlllnft.
1158 4514 1208 4587 ru),
1238 4514 1429 4590 idcoiiguram
1458 4515 1564 4571 arboris
1590 4515 1665 4569 illius
1691 4530 1802 4586 semper

76 4610 79 4617 ·
133 4614 215 4670 quam
232 4614 281 4669 per
298 4599 408 4654 beatum
429 4599 597 4670 sylvestrum
618 4597 672 4654 lide
685 4606 787 4655 sanctae
803 4599 941 4655 Trinitatis
991 4604 1347 4662 baberevoluiteminentia
1360 4607 1531 4674 meritorum,
1549 4607 1583 4662 de
1599 4623 1654 4679 qua
1668 4606 1800 4677 scriptum

77 4678 81 4713 ³
135 4689 343 4757 informabatur,
360 4691 464 4746 ibidem
479 4691 506 4746 in
522 4692 606 4748 corde
620 4692 694 4747 illius
709 4698 735 4748 et
752 4691 821 4748 fides
835 4693 942 4763 accepit
992 4699 1048 4748 est:
1074 4700 1131 4751 Non
1162 4701 1201 4749 est
1230 4695 1310 4750 arbor
1340 4695 1416 4749 molo
1447 4696 1551 4762 faciens
1591 4698 1715 4763 fruetrim
1756 4696 1802 4749 lro-

78 4782 83 4788 ‘
134 4781 269 4856 originem
285 4790 312 4838 et
327 4783 484 4839 idololatria
495 4782 589 4838 finem.
606 4783 763 4839 Secundum
776 4783 943 4840 admonitio·
993 4801 1062 4839 num
1075 4784 1147 4856 (iac.
1170 4785 1217 4854 vr).
1239 4785 1269 4840 Et
1282 4785 1348 4857 quia
1363 4801 1437 4840 nunc
1452 4797 1545 4842 mente
1561 4786 1700 4854 liberast
1718 4801 1802 4841 carne

78 4862 82 4887 ³
135 4888 198 4928 nom
213 4875 287 4929 enim
308 4875 439 4946 Sylvestri
455 4882 482 4931 et
502 4876 697 4932 revelationem
724 4877 843 4943 Domini,
868 4877 943 4933 intus
993 4879 1100 4949 captiva
1122 4879 1151 4933 in
1174 4880 1257 4935 domo
1270 4880 1318 4935 Uei
1338 4881 1416 4951 quasi
1431 4880 1571 4937 lmetifera
1591 4897 1702 4952 semper
1714 4880 1802 4935 llore-

78 5039 87 5049 .
135 4974 163 5020 et
176 4967 296 5021 exterius
313 4968 369 5022 er
395 4967 519 5023 obedivit
541 4976 569 5024 et
583 4968 700 5036 bomini,
725 4969 789 5024 dum
816 4969 891 5025 velut
915 4969 942 5024 in
996 4966 1041 5021 bat
1053 4966 1137 5032 oliva,
1154 4967 1217 5023 ideo
1233 4983 1282 5039 pro
1301 4968 1434 5024 virtutum
1459 4969 1574 5025 floribus
1589 4975 1684 5041 typum
1702 4968 1803 5039 palmae

86 5059 90 5135 J
135 5056 316 5129 Pythagorico
344 5057 419 5114 bivio
452 5059 611 5116 catechizati
638 5061 773 5132 arripiens
803 5061 943 5128 dextrum,
981 5057 1072 5113 illius
1100 5059 1127 5114 in
1154 5067 1286 5114 aeternum
1310 5060 1432 5128 babebit,
1456 5061 1491 5116 de
1513 5077 1568 5134 qua
1594 5062 1803 5132 scriptumest:

137 5144 202 5201 fidei
219 5146 345 5215 symbolo
360 5147 523 5203 catechizari
544 5148 644 5203 meruit
659 5164 710 5219 per
728 5147 907 5220 Sytvestrum.
996 5159 1089 5209 iustus
1104 5160 1135 5208 ui
1146 5155 1239 5223 pulmo
1252 5156 1356 5221 florebit
1370 5156 1422 5225 (Ps.
1437 5156 1511 5226 xcn).
1533 5155 1603 5221 Quia
1620 5155 1704 5229 igitur
1716 5153 1806 5211 bono·

457 5235 561 5292 CAPUT
576 5236 632 5292 Vll.
998 5258 1057 5298 mm
1078 5258 1193 5314 operum
1223 5243 1360 5318 virgultis,
1384 5246 1475 5317 quasi·
1496 5245 1523 5299 in
1552 5243 1655 5315 sylvam
1675 5243 1807 5299 virtutum

279 5328 298 5377 Α
314 5338 365 5394 quo
383 5324 537 5394 baptisatus
551 5329 587 5385 sit
601 5329 803 5382 Constantinus.
998 5346 1110 5402 semper
1125 5332 1256 5398 excrevit,
1272 5333 1337 5387 dum
1352 5335 1426 5405 quod
1441 5333 1534 5389 verbis
1554 5332 1661 5401 docuit,
1677 5333 1811 5403 operibus

86 5488 90 5495 Ι
175 5414 275 5470 Verum
306 5415 372 5487 quia
397 5414 565 5487 sylvestrum
599 5425 626 5473 et
655 5418 862 5474 Constantinum
891 5419 947 5489 jam
998 5419 1135 5490 implevit,
1150 5420 1214 5477 ideo
1234 5421 1299 5476 dum
1316 5422 1436 5479 eoelestis
1451 5421 1528 5479 verbi
1544 5421 1683 5486 minister,
1703 5428 1730 5475 et
1743 5420 1813 5475 ‹livi-

179 5554 216 5627 (Ξ)
238 5555 299 5612 llaec
312 5570 367 5611 uon
380 5555 447 5611 satis
462 5556 591 5612 videntur
606 5558 706 5612 Grrerse
721 5557 913 5631 significantiae
930 5574 1071 5615 resonare.
